2422 3840
335 217 520 266 nanisrsn.
536 218 649 265 xv1111.
665 218 691 268 5.
712 201 862 289 (atr-30.)
971 210 973 213 ’
1041 207 1097 267 171

97 374 126 431 in
141 372 280 451 pollinem
295 373 420 432 tunditur
434 372 513 432 arida
529 373 697 451 liquidoque
712 372 790 432 dulci
804 380 991 451 temperatur,
1008 379 1037 430 et
1051 370 1101 431 de·
1190 352 1198 364 ¹

99 466 183 515 cocta
205 473 296 533 posca
317 466 365 517 aut
385 456 537 516 adservata
560 457 610 516 vel
630 467 776 517 macerata
790 456 921 535 pluribus
938 454 1047 534 modis,
1072 465 1102 514 et

98 549 166 598 tunc
185 541 272 600 mixta
294 541 409 601 defruto
431 550 478 598 aut
498 539 618 600 subacta
638 542 726 602 melle
747 542 848 600 uvisve
866 541 961 619 passis
977 547 1025 598 aut
1039 539 1100 615 pin·

98 622 203 699 guibus
225 627 362 698 caryotis.
391 625 449 684 alio
470 641 570 682 rursus
587 624 673 685 modo
695 626 828 685 cotoneis
842 622 925 683 malis
939 623 988 682 vel
1004 623 1100 682 sorbis
1109 633 1144 687 92

69 715 146 766 saut
160 708 270 783 prunis,
286 708 440 786 aliquando
456 708 559 785 pipere
574 716 623 766 aut
636 707 734 784 thymo
748 709 857 767 variata
872 706 1005 766 deiectus
1016 724 1101 783 prae·

99 791 183 866 cipue
206 793 347 850 stomachi
368 793 488 866 excitat,
516 792 666 851 inlustrata
688 809 818 850 maxume
840 790 929 850 luliae
950 790 1101 864 Augustae

98 873 243 933 cotidiano
260 876 335 934 cibo.
361 892 573 954 supervacuum
588 877 650 934 eius
665 893 780 952 semen,
804 876 937 953 quoniam
956 872 1049 931 oculis
1064 890 1102 931 ex

97 957 196 1016 radice
218 959 326 1018 excisis
348 969 377 1018 ut
398 959 528 1018 harundo
549 960 670 1035 seritur,
693 960 810 1019 ethaeo
826 965 966 1019 autemst
983 955 1058 1015 siser
1074 965 1102 1014 et

99 1040 247 1117 pastinaca
268 1051 390 1122 utroque
409 1053 559 1119 tempore,
581 1061 652 1102 vere
671 1053 700 1104 et
715 1053 866 1118 autumno,
889 1041 1000 1118 magnis
1016 1041 1101 1098 semi·

61 1139 88 1178 ro
99 1142 163 1183 num
178 1126 347 1203 intervallis,
365 1127 442 1186 inula
456 1144 493 1185 ne
508 1127 600 1185 minus
616 1145 700 1206 quam
715 1138 862 1187 ternorum
874 1126 990 1206 pedum,
1010 1140 1099 1201 quon·

96 1208 152 1266 iam
168 1210 298 1287 spatiose
313 1210 439 1271 fruticat.
466 1212 542 1269 siser
557 1220 652 1271 autem
666 1213 827 1272 transferre
842 1210 954 1270 melius.

154 1290 235 1374 (30.)
258 1293 399 1354 Proxuma
418 1293 485 1353 hinc
506 1304 550 1353 est
573 1293 726 1354 bulborum
747 1305 863 1369 natura,
890 1311 963 1372 quos
979 1291 1052 1352 Cato
1069 1293 1097 1349 in
1109 1301 1144 1355 93

95 1376 195 1452 primis
211 1378 353 1436 serendos
369 1378 521 1456 praecepit
536 1377 692 1456 celebrans
706 1378 883 1456 Megaricos.
904 1394 1004 1436 verum
1019 1374 1099 1434 nobi·

95 1458 205 1517 lissima
221 1468 266 1517 est
281 1461 380 1534 scilla,
406 1477 578 1537 quamquam
592 1461 773 1521 medicamini
789 1472 854 1521 nata
871 1458 1099 1535 exacuendoque

58 1550 192 1600 anaceto.
222 1560 277 1600 nec
293 1543 343 1602 ulli
359 1543 516 1621 amplitudo
532 1545 637 1618 maior,
654 1547 728 1604 sicut
743 1563 798 1605 uec
813 1546 857 1603 vis
875 1544 1017 1623 asperior.
1042 1541 1099 1600 duo

96 1642 207 1700 genera
223 1627 365 1702 medicae,
383 1626 541 1686 masculum
558 1627 631 1686 albis
646 1628 734 1707 loliis,
750 1628 856 1688 femina
874 1628 973 1704 nigris.
995 1633 1025 1683 et
1041 1633 1099 1682 ter·

95 1709 163 1766 tium
183 1725 276 1784 genus
300 1719 345 1769 est
366 1710 441 1769 cibis
455 1719 582 1787 gratum,
605 1709 777 1789 Epimenidu
791 1721 927 1786 vocatur,
952 1708 1100 1786 angustius

96 1792 168 1850 lolio
184 1809 218 1851 ac
234 1795 324 1852 minus
339 1810 456 1871 aspero.
496 1795 618 1853 Seminis
633 1796 793 1873 plurumum
808 1795 949 1854 omnibus.
972 1791 1098 1852 celerius
1108 1799 1143 1854 94

95 1885 190 1934 tamen
212 1879 384 1955 proveniunt
404 1887 485 1937 satae
507 1877 603 1937 bulbis
624 1881 701 1938 circa
720 1879 812 1940 latera
827 1880 918 1954 natis,
945 1887 974 1937 et
988 1885 1019 1935 ut
1036 1892 1098 1934 cre·

53 1978 86 2018 ao
97 1969 195 2034 scant,
217 1961 287 2020 folia
302 1980 376 2040 quae
392 1971 457 2021 sunt
472 1961 516 2020 his
533 1963 627 2039 ampla
645 1963 760 2023 dellexa
776 1964 853 2023 circa
871 1962 1038 2022 obruuntur.
1059 1959 1099 2018 ita

96 2047 329 2104 sucum'omnem
350 2047 378 2103 in
396 2064 429 2104 se
444 2046 558 2104 trahunt
574 2049 678 2123 capita.
705 2057 810 2125 sponte
827 2055 981 2106 nascuntur
997 2045 1097 2123 copio-

96 2128 210 2185 sissime
241 2129 269 2186 in
295 2127 457 2187 Baliaribus
478 2127 638 2206 Ebusoque
665 2131 767 2189 insulis
795 2148 830 2190 ac
858 2148 913 2207 per
935 2130 1097 2207 Hispanias.

95 2227 181 2267 unum
196 2208 233 2267 de
248 2211 283 2268 iis
298 2210 434 2269 volumen
449 2210 576 2270 condidit
590 2209 770 2288 Pythagoras
785 2213 993 2291 philosophus,
1016 2211 1098 2271 colli·

96 2311 169 2370 gens
184 2292 312 2353 medicas
326 2294 407 2370 viris,
424 2312 496 2372 quas
512 2311 653 2372 proxumo
668 2296 822 2356 reddemus
835 2295 920 2354 libro.
947 2293 1026 2352 Reli·
1038 2290 1141 2377 'hb-¹9⁵

37 2389 86 2434 ‘as
98 2394 154 2455 qua
165 2394 275 2453 genera
288 2376 440 2437 bulborum
454 2378 587 2437 differunt
599 2378 711 2454 colore,
728 2378 933 2455 magnitudine,
946 2377 1098 2450 suavitate,

97 2463 205 2539 quippe
218 2480 281 2521 cum
294 2462 407 2540 quidam
420 2462 500 2522 crudi
508 2461 684 2538 mandantur,
696 2463 762 2523 ut‘in
770 2461 956 2522 Cherroneso
966 2460 1097 2519 Taurica.

95 2553 164 2622 post
184 2546 239 2604 hos
259 2547 288 2604 in
304 2545 403 2604 Africa
422 2548 479 2604 nati
500 2563 633 2604 maxume
647 2544 814 2621 laudantur,
836 2564 904 2605 mox
920 2545 1017 2623 Apuli.
1046 2562 1098 2621 ge·

95 2645 166 2685 nera
181 2627 284 2687 Graeci
301 2628 375 2687 haec
389 2628 505 2687 fecere:
523 2628 671 2704 bolbinen,
688 2631 829 2704 setanion,
845 2631 983 2708 opitiona,
1004 2628 1096 2703 cyica,

96 2711 234 2788 aegilipa,
247 2711 447 2785 sisyrinchion.
461 2714 489 2770 in
501 2712 558 2771 hoc
570 2714 669 2771 mirum
681 2714 751 2773 imas
763 2714 825 2772 eius
837 2715 951 2773 radices
960 2730 1098 2773 crescere

56 2810 86 2850 so
96 2793 203 2868 hieme,
217 2811 310 2853 verno
325 2804 430 2871 autem,
447 2814 511 2855 cum
525 2797 691 2876 adparuerit
705 2797 793 2872 viola,
808 2799 895 2856 minui
909 2815 945 2857 ac
956 2796 1096 2865 contrahi,

96 2887 164 2937 tunc
185 2877 288 2938 deinde
307 2878 422 2938 bulbum
446 2882 652 2958 pinguescere.
684 2891 728 2940 est
749 2883 823 2940 inter
846 2898 955 2958 genera
973 2888 1002 2938 et
1018 2879 1092 2956 quod
1106 2887 1140 2941 96

95 2965 123 3020 in
136 2961 275 3040 Aegypto
290 2979 362 3020 aron
373 2973 489 3040 vocant,
505 2964 607 3024 scillae
620 2983 791 3042 proxumum
805 2963 1003 3043 amplitudine,
1019 2962 1097 3022 loliis

95 3046 219 3124 lapathi,
236 3045 319 3105 caule
334 3055 416 3105 recto
432 3047 517 3106 duum
532 3048 708 3124 cubitorum,
724 3048 820 3109 baculi
836 3047 1037 3122 crassitudine,
1052 3064 1097 3105 ra·

96 3129 160 3189 dice
188 3129 329 3189 mollioris
350 3139 487 3205 naturae,
514 3148 588 3208 quae
615 3141 694 3191 estur
716 3142 745 3191 et
771 3133 870 3193 cruda.
915 3129 1096 3191 Effodiuntur
1106 3136 1140 3195 97

56 3232 86 3272 ss
96 3212 176 3272 bulbi
187 3223 252 3273 ante
264 3231 327 3288 ver,
345 3223 392 3272 aut
403 3213 567 3273 deteriores
579 3216 658 3275 illico
671 3216 741 3275 liunt
752 3250 794 3263 -
804 3218 916 3293 signum
928 3217 1097 3275 maturitatis

96 3295 167 3355 iolia
183 3298 375 3358 inarescentia
390 3296 426 3356 ab
441 3299 498 3356 imo
510 3332 563 3373 -,
578 3301 754 3358 vetustiores
769 3299 933 3378 inprobant,
950 3301 1018 3357 item
1033 3298 1095 3356 lon-

97 3395 151 3454 gos
173 3396 208 3439 ac
228 3398 351 3460 parvos,
374 3390 475 3440 contra
496 3381 661 3442 rubicundis
685 3383 959 3460 rotundioribusque
982 3382 1044 3441 laus
1069 3389 1098 3439 et

95 3461 303 3537 grandissimis.
320 3465 477 3525 amaritudo
490 3465 640 3545 plerisque
652 3464 684 3525 in
692 3468 810 3526 uertice
821 3477 884 3539 est,
895 3464 1002 3521 medua
1008 3475 1122 3517 esrum
