2422 3840
328 205 407 253 usn.
424 201 745 260 1111111111-1.
762 193 915 271 (su-36.)
1064 192 1124 253 175

122 379 173 422 nas
186 358 375 438 suspendisse
388 357 560 438 abundeque
568 360 606 418 111
613 359 717 439 profici
724 359 941 420 arbitranturnc
949 360 1123 438 germinent,

124 444 201 524 quod
218 443 317 502 facere
332 442 417 502 alium
433 460 593 522 cepamque
610 453 693 504 extra
707 452 814 503 terram
825 461 942 522 quoqne
956 453 1065 503 certum
1079 452 1124 503 est

125 538 155 588 et
177 524 321 587 cauliculo
342 535 408 586 acto
431 543 620 586 evanescere.
649 527 737 605 aliqui
761 536 790 586 et
810 527 895 587 aliurn
911 525 997 604 palea
1012 528 1123 586 servari

125 621 242 690 optume
256 618 364 689 putant.
388 609 486 669 hlium
499 618 545 670 est
556 619 585 669 et
597 612 626 670 in
637 613 714 671 arvis
726 619 832 688 sponte
843 628 967 670 nascens
978 646 1022 656 —
1032 611 1167 674 11111116

101 703 231 760 avocant
248 728 291 738 -
307 695 385 771 quod
402 693 543 753 adversus
561 693 766 773 inprobitatem
791 692 889 753 alitum
905 694 1124 771 depascentium

124 780 234 839 semina
249 787 380 852 coctum,
401 794 438 836 ne
453 778 569 837 renasci
582 779 693 856 possit,
716 776 853 852 abicitur,
881 778 1034 855 statimque
1050 795 1124 854 qnae

124 862 306 923 devoravere
321 879 391 920 aves
406 869 557 938 stupentes
568 878 650 921 manu
665 862 815 940 capiuntur
828 869 867 940 et,
883 861 907 920 si
920 861 1035 939 paulum
1048 877 1124 921 coru·

123 963 256 1024 morere,
275 946 415 1024 sopitae.
453 954 498 1004 cst
524 953 554 1005 et
581 944 717 1004 silvestre
745 944 823 1022 quod
850 945 977 1004 ursinum
1008 952 1124 1020 vocant,

126 1031 218 1090 odore
235 1029 334 1105 simili,
353 1029 448 1106 capite
463 1030 632 1106 praetenui,
648 1027 726 1088 foliis
740 1029 907 1106 grandibus.

89 1132 116 1173 11
187 1114 216 1173 ’1.
238 1112 321 1192 (35.)
340 1111 372 1172 11
387 1112 471 1171 horto
488 1121 616 1173 satorum
632 1113 786 1172 celerrime
800 1121 956 1173 nascuntur
971 1112 1105 1186 ocimum,
1117 1119 1167 1174 lli

124 1196 241 1272 blitum,
267 1213 375 1275 napus,
402 1215 500 1257 eruca.
529 1198 615 1256 tertio
644 1199 719 1257 enim
743 1196 790 1256 die
817 1204 985 1274 erumpunt,
1011 1204 1125 1255 anetum

125 1290 245 1359 quarto,
270 1281 383 1341 lactuca
398 1281 513 1359 quinto,
534 1281 680 1359 raphanus
694 1289 797 1355 sexto,
816 1281 959 1355 cucumis,
977 1278 1125 1339 cucurbita

125 1373 274 1443 septumo,
305 1365 388 1440 prior.
409 1365 552 1438 cucumis,
583 1364 767 1438 nasturtium,
794 1364 888 1440 sinapi
916 1363 1030 1442 quinto,
1058 1362 1125 1422 beta

124 1456 236 1507 aestate
248 1455 345 1520 sexto,
361 1445 455 1505 hicme
469 1445 602 1521 decumo,
618 1446 744 1524 atriplex
755 1455 872 1520 octavo,
887 1463 979 1523 cepae
992 1459 1064 1505 xlx.
1078 1454 1127 1504 aut

90 1547 116 1587 11
125 1545 202 1605 xx,
225 1529 363 1606 gethyum
385 1528 507 1588 decumo
525 1538 573 1589 aot
587 1530 776 1606 duodecimo,
799 1530 995 1590 contumacius
1014 1530 1125 1588 corian-

127 1613 225 1688 drum,
251 1612 343 1672 cunila
362 1613 476 1689 quidem
493 1621 523 1672 et
537 1614 686 1690 origanum
701 1623 769 1690 post
784 1627 866 1673 xxx.
883 1613 975 1688 diem,
1003 1613 1127 1672 omnium

127 1705 222 1757 autem
242 1696 411 1757 difficillime
431 1698 534 1775 apium.
563 1697 785 1776 quadragesimo
802 1697 876 1756 enim
891 1696 938 1756 die
955 1695 1126 1756 111111111-

125 1782 213 1856 rime,
238 1780 476 1859 quinquagesimo
493 1783 602 1840 maiore
618 1799 656 1840 ex
672 1790 754 1859 parte
769 1781 901 1857 emergit.
946 1779 1062 1857 Aliquid
1079 1787 1108 1839 et
1119 1789 1169 1842 118

126 1865 264 1924 seminum
293 1871 373 1924 aetas
398 1864 526 1937 confert,
555 1866 689 1944 quoniam
711 1865 840 1924 recentia
856 1865 992 1924 maturius
1007 1864 1127 1940 gignunt

87 1970 116 2011 zo
126 1951 154 2008 in
165 1965 266 2028 porro,
282 1948 402 2025 gethyo,
419 1950 541 2023 cucumi,
557 1948 717 2025 cucurbita,
733 1966 771 2006 cx
781 1957 884 2007 vetere
896 1956 989 2007 autern
1001 1947 1127 2006 celerius

125 2033 298 2111 proveniunt
313 2033 419 2110 apium,
434 2031 511 2107 beta,
528 2032 701 2108 cardamum,
717 2032 823 2107 cunila,
839 2031 998 2108 origanum,
1015 2031 1126 2090 corian-

124 2116 215 2176 drum.
245 2115 346 2173 mirum
364 2117 393 2173 in
413 2113 499 2175 betae
522 2118 647 2190 semine,
674 2134 732 2176 non
754 2116 828 2175 enim
850 2124 910 2175 1111
933 2116 1037 2175 eodem
1053 2131 1127 2175 anno

125 2199 234 2274 gignit,
259 2197 311 2257 sed
327 2197 434 2275 aliquid
451 2209 605 2277 sequente,
627 2200 735 2278 aliquid
751 2209 780 2259 et
793 2200 889 2260 tertio.
910 2200 1008 2277 itaque
1024 2217 1063 2258 ex
1078 2215 1126 2258 co-

127 2282 175 2359 pia
198 2281 315 2340 seminis
335 2280 448 2341 modice
471 2284 608 2343 nascitur.
641 2284 782 2360 quaedam
796 2301 871 2344 anno
886 2291 993 2343 tantum
1009 2299 1062 2341 sno
1077 2300 1127 2359 pa·

88 2385 117 2428 11
125 2366 210 2440 11111,
226 2365 367 2442 quaedam
383 2367 511 2444 saepius,
528 2368 602 2427 sicut
618 2368 722 2446 apium,
739 2385 868 2444 pormm,
885 2366 1034 2444 gethyum,
1053 2366 1127 2425 haec

126 2451 201 2508 enim
216 2449 308 2508 semel
323 2459 384 2509 sata
400 2450 531 2529 pluribus
546 2452 627 2510 anuis
641 2451 765 2510 restibili
781 2451 929 2511 fertilitate
945 2451 1126 2528 proveniunt.

188 2531 272 2612 (36.)
293 2533 408 2593 Semina
423 2533 561 2611 plurumis
576 2536 712 2610 rotunda,
729 2535 833 2612 aliquis
848 2534 993 2611 oblonga,
1009 2534 1170 2611 pancis119

125 2616 252 2676 foliacea
268 2625 297 2675 11
312 2616 385 2690 1111,
407 2626 437 2676 11
453 2618 592 2696 atriplici,
617 2618 788 2697 quibusdam
804 2626 924 2694 angusta
941 2626 970 2676 ct
984 2618 1126 2677 canalicu-

126 2700 201 2773 lata,
224 2707 254 2758 nt
276 2701 398 2759 cumino.
421 2700 557 2761 differunt
571 2711 601 2761 et
617 2702 718 2762 colore
734 2703 818 2778 nigro
835 2700 1033 2780 candidoque,
1058 2703 1127 2760 item

89 2803 117 2846 eo
128 2783 231 2842 duritia
252 2783 433 2844 surculacea.
459 2787 488 2844 in
509 2786 642 2846 folliculo
662 2795 725 2844 sunt
740 2786 886 2864 raphano,
912 2786 1021 2862 sinapi,
1043 2801 1125 2861 rapo.

126 2865 231 2925 nudum
250 2883 349 2925 semen
364 2867 427 2946 api,
445 2869 606 2948 coriandri,
625 2870 717 2945 aneti,
734 2869 864 2945 feniculi,
884 2869 997 2944 cumini,
1016 2869 1127 2927 cortice

127 2949 283 3011 obductum
299 2948 378 3024 bliti,
400 2949 503 3028 betae,
527 2953 683 3031 atriplicis,
700 2948 802 3028 ociiui,
822 2963 850 3014 at
866 2952 987 3012 lactucis
1002 2952 1030 3010 in
1048 2952 1126 3011 lanu·

126 3035 204 3112 gine.
236 3032 313 3092 Nihil
329 3035 423 3092 ocimo
439 3034 600 3095 fecundius.
626 3054 689 3095 curn
704 3037 866 3097 maledictis
884 3034 1170 3113 11111111111-110

126 3118 244 3178 rendum
267 3118 449 3195 praecipiunt
463 3125 494 3176 ut
510 3119 613 3178 laetius
631 3122 797 3198 proveniat,
827 3129 891 3180 sato
909 3121 1023 3198 pavitur
1038 3130 1127 3196 terra,

90 3224 116 3265 11
126 3211 156 3260 ut
172 3203 312 3262 cuminum
330 3201 378 3279 qui
394 3209 493 3261 serunt
508 3213 664 3281 precantur
678 3222 715 3264 ne
729 3215 828 3266 exeat.
877 3204 958 3278 Quae
974 3205 1002 3264 in
1018 3207 1128 3264 cortice

126 3295 191 3344 sunt
209 3284 380 3346 difficillime
395 3286 570 3363 inarescunt,
586 3306 776 3367 maxumeque
792 3291 925 3366 ocimum,
945 3298 975 3349 et
990 3288 1056 3348 ideo
1072 3289 1127 3345 sic·

127 3379 227 3428 cantur
253 3370 347 3430 omniu
374 3388 410 3430 ac
436 3379 501 3430 sunt
526 3371 660 3437 fecunda.
692 3375 792 3452 utiquc
820 3374 942 3434 meliora
973 3379 1128 3430 nascuntur

126 3454 283 3514 acervatim
310 3464 373 3516 suto
400 3455 511 3517 semine
537 3474 622 3535 quam
645 3475 762 3537 sparso.
789 3459 835 3519 ita
857 3466 944 3517 certe
964 3469 1095 3530 porrum
1115 3459 1150 3502 11
