2422 3840
114 193 154 253 54
452 205 482 252 c.
499 205 594 251 runnu
610 203 760 252 suenum

113 360 222 437 primo,
240 360 305 437 plus
320 377 424 438 aspera
437 367 466 418 et
481 376 555 436 quae
570 361 598 418 in
614 358 719 419 herbas
735 375 793 417 non
806 358 969 435 effunditur,
986 359 1116 437 alioquin

113 446 241 504 novitate
266 459 465 521 quaecumque
489 443 576 511 fuerit
599 444 690 503 solum
714 442 829 517 laedet,
858 459 894 501 ne
926 443 969 501 sic
997 444 1116 519 quidem

114 529 206 605 primo
222 544 295 586 anno
313 527 425 586 fertilis.
459 527 580 585 interest
602 536 631 585 et
652 526 727 604 quali
750 526 814 585 eolo
838 535 1001 604 quaeratur.
1033 527 1115 586 sicca

115 612 188 669 enim
204 610 299 669 umido
315 611 427 685 melior,
443 609 523 668 arido
539 611 663 687 pinguis.
694 618 854 688 temperato
867 609 1015 685 alterutra,
1033 619 1114 670 creta

115 695 163 754 vel
180 693 352 768 columbina,
370 694 514 752 convenit.
1125 715 1138 753 s

71 788 105 840 49
179 779 207 839 9.
232 779 294 856 (5.)
319 776 531 854 Transpadanis
557 776 662 835 cineris
686 794 754 834 usus
776 776 851 834 adeo
873 776 970 853 placet
986 784 1017 835 ut
1033 786 1114 836 ante·

113 870 220 939 ponant
241 863 307 920 iimo
331 863 520 920 iumentorum
536 859 630 937 quod,
653 860 718 937 quia
741 859 915 918 levissimum
938 868 999 935 est,
1022 859 1060 919 ob
1085 861 1114 920 id

114 953 242 1005 exarant.
272 955 396 1021 utroque
413 953 508 1003 tamen
524 945 633 1020 pariter
648 960 705 1002 uon
720 951 836 1002 utuntur
856 944 884 1001 iu
906 942 1010 1003 eodem
1029 961 1111 1018 arvo,

113 1047 168 1088 nec
184 1031 211 1087 in
229 1028 353 1087 arbustis
371 1028 486 1100 cinere,
502 1043 556 1085 nec
572 1025 709 1104 quasdam
733 1027 768 1086 ad
785 1026 903 1104 fruges,
925 1033 956 1084 ut
971 1026 1110 1085 dicemus.

114 1114 185 1173 Sunt
209 1113 256 1188 qui
280 1111 400 1188 pulvere
423 1127 539 1188 quoque
562 1127 632 1169 uvas
655 1110 692 1168 ali
715 1110 841 1169 iudicent
864 1109 1149 1188 pubescentisquero

113 1196 267 1275 pulverent
287 1203 316 1254 et
331 1195 428 1253 vitium
440 1193 633 1271 arborumque
651 1193 797 1252 radicibus
815 1193 1000 1271 adspergant.
1033 1194 1111 1272 quod

114 1287 224 1338 certum
244 1287 289 1337 est
303 1277 486 1338 Narbonensi
508 1277 694 1355 provinciae,
716 1285 745 1335 et
767 1277 924 1337 vindemias
944 1278 1050 1335 certius
1069 1279 1111 1335 sic

114 1364 210 1439 coqui,
226 1362 349 1439 plusque
365 1362 459 1440 pulvis
475 1360 515 1419 ibi
530 1377 614 1439 qnam
631 1360 676 1420 sol
693 1360 816 1420 confert.

71 1459 105 1510 50
177 1445 240 1524 (6.)
262 1443 333 1504 Fimi
337 1446 447 1544 ‘plures
460 1444 650 1518 differentiae,
667 1445 731 1520 ipsa
747 1462 795 1502 res
809 1444 935 1522 antiqua.
966 1444 1019 1502 iam
1035 1443 1110 1520 apud

112 1530 266 1590 Homerum
280 1531 380 1606 regius
397 1547 489 1588 senex
504 1546 602 1605 agrum
619 1528 657 1586 ita
673 1527 832 1587 laetificans
849 1528 908 1586 suis
920 1525 1048 1585 manibus
1061 1545 1108 1585 re·
1123 1546 1149 1587 15

112 1616 231 1692 peritur.
266 1612 385 1689 Augeas
401 1631 454 1671 rex
472 1613 499 1670 in
519 1611 640 1671 Graecia
659 1612 846 1708 excogitasse
862 1610 998 1685 traditur,
1017 1610 1109 1669 divol-

113 1715 201 1775 gasse
216 1715 287 1756 vero
303 1696 470 1756 Hercules'
462 1715 490 1754 rn
505 1695 606 1769 ltalia,
630 1712 704 1770 quae
723 1695 786 1769 regi
802 1711 855 1752 suo
871 1695 1006 1754 Stercuto
1021 1690 1112 1753 Fauni

112 1781 172 1840 idio
188 1781 225 1841 ob
240 1780 297 1839 boc
313 1781 457 1838 inventum
480 1778 712 1837 inmortalitatem
727 1777 833 1836 trrbrut
865 1776 903 1836 Μ.
920 1777 1014 1836 Varro
1032 1767 1112 1854 prin·
1157 1806 1166 1819 ·

114 1865 237 1941 cipetum
257 1863 305 1922 dat
330 1862 476 1921 turdorum
500 1861 565 1919 iimo
587 1878 624 1919 ex
646 1861 777 1935 aviariis,
802 1860 879 1938 quod
903 1861 986 1920 etiam
1002 1860 1110 1958 pabulo

113 1947 199 2005 boum
217 1963 355 2022 suumque
372 1945 551 2021 magnificat,
572 1962 668 2022 neque
690 1944 746 2003 alio
764 1944 831 2003 cibo
848 1943 974 2004 celerius
989 1945 1147 2023 pingue-to

113 2047 199 2088 scere
223 2029 386 2087 adseverat.
425 2028 460 2088 de
482 2029 589 2088 nostris
610 2028 738 2087 moribus
758 2028 833 2086 bene
856 2045 976 2105 sperare
999 2036 1062 2106 est,
1086 2029 1110 2086 si

114 2121 190 2172 tanta
205 2112 280 2190 apud
296 2113 421 2171 maiores
436 2111 518 2171 fuere
535 2112 658 2186 aviaria,
677 2120 706 2171 ut
721 2130 758 2170 ex
772 2111 815 2170 his
834 2113 896 2188 agri
912 2119 1109 2170 stercoraren-

71 2209 104 2260 51
117 2205 171 2256 tur.
203 2195 373 2255 Proxumum
390 2194 553 2255 Columella
569 2195 769 2269 columbariis,
785 2212 853 2253 mox
866 2194 1024 2271 gallinariis
1040 2193 1110 2254 iacit

112 2281 266 2339 natantium
281 2279 377 2338 alitum
389 2280 530 2339 damnato.
560 2280 651 2338 ceteri
666 2289 803 2338 auctores
816 2295 959 2337 consensu
970 2278 1109 2336 humanas

114 2364 195 2441 dapis
215 2363 250 2422 ad
271 2363 328 2422 hoc
344 2365 472 2440 inprimis
487 2364 638 2422 advocant.
666 2362 714 2422 alii
730 2380 767 2420 ex
781 2362 826 2421 his
841 2362 1008 2440 praeferunt
1022 2369 1108 2439 potus
1118 2381 1145 2420 25

113 2447 256 2506 hominum
270 2447 297 2504 in
314 2448 500 2507 coriariorum
513 2446 636 2505 cilicinis
652 2447 712 2524 pilo
724 2445 897 2519 madefacto,
910 2445 958 2504 alii
973 2463 1026 2523 per
1040 2463 1109 2505 sese

114 2547 187 2607 aqua
209 2531 311 2588 iterum
337 2530 505 2608 largiusque
534 2531 618 2588 etiam
645 2546 728 2606 quarn
756 2547 818 2588 cum
844 2527 950 2587 bibitur
975 2527 1108 2587 admixta.

114 2613 221 2691 quippe
244 2612 309 2688 plus
331 2615 385 2671 iam
402 2613 440 2672 ibi
456 2613 521 2672 mali
539 2612 708 2672 domandum
725 2621 784 2688 est,
809 2629 872 2671 cum
894 2611 929 2671 ad
946 2614 1024 2670 virus
1040 2610 1110 2671 illud

115 2695 171 2754 vini
192 2695 279 2753 homo
301 2697 470 2754 accesserit.
508 2695 582 2754 haec
603 2704 667 2754 sunt
688 2697 842 2755 certamina
865 2695 967 2774 quibus
986 2696 1109 2753 invicem

71 2790 105 2840 52
116 2779 151 2838 ad
179 2777 313 2836 tellurem
341 2794 455 2856 quoque
487 2778 617 2837 alendam
644 2787 759 2837 utuntur
783 2779 923 2838 homiues.
966 2778 1145 2837 Proxumeao

113 2861 268 2938 spurcitias
283 2879 363 2920 suum
379 2861 513 2936 laudaut,
529 2859 692 2920 Columella
708 2862 789 2920 solus
805 2862 927 2921 damnat.
951 2862 999 2921 alii
1015 2861 1109 2920 cuius-

115 2962 236 3022 cumque
255 2944 440 3022 quadripedis
457 2962 495 3002 ex
510 2945 620 3019 cytiso,
639 2944 726 3021 aliqui
739 2945 915 3005 columbaria
930 2944 1108 3023 praeierunt.

113 3044 283 3104 proxumum
299 3027 403 3087 deinde
420 3044 569 3104 caprarum
588 3036 648 3102 est,
671 3027 706 3086 ab
723 3028 780 3087 boc
800 3030 908 3102 ovium,
930 3028 996 3087 dein
1011 3027 1108 3103 boum,

70 3111 298 3172 securissimum
314 3111 512 3169 iumentorum.
534 3109 594 3169 Hae
607 3110 689 3169 fuere
703 3112 777 3189 apud
793 3113 907 3190 priscos
919 3111 1109 3186 differentiae,

115 3192 256 3270 simulque
281 3202 439 3271 praecepta
453 3194 602 3271 -pluro
621 3210 678 3252 non
694 3195 809 3254 invenio
826 3194 980 3254 ——rettuli
1001 3193 1111 3273 utendi,
1119 3212 1145 3255 ts

114 3276 228 3355 quando
238 3285 265 3335 et
277 3276 324 3335 hic
336 3285 464 3336 vetustas
475 3277 579 3337 utilior.
596 3279 745 3356 visumque
758 3280 812 3338 iam
825 3286 870 3338 est
883 3279 959 3356 apud
971 3278 1111 3356 quosdam

114 3360 333 3438 provincialium
359 3360 386 3419 in
408 3369 511 3420 tautum
537 3360 697 3421 abundante
718 3361 825 3439 geniali
850 3363 935 3439 copia
967 3361 1110 3440 pecudum

114 3441 222 3502 farinae
237 3445 302 3504 vice
323 3443 425 3504 cribris
440 3444 598 3523 superinici
615 3445 727 3505 faetore
752 3445 952 3522 adspectuque
969 3444 1111 3522 temporis
