2422 3840
142 172 203 233 224
455 185 485 232 c.
502 184 598 230 narrar
614 182 766 230 suenum

143 359 196 418 per
212 359 244 400 se
263 339 311 398 vel
329 357 391 398 cum
406 337 500 397 malva
522 346 570 396 aut
589 337 743 413 lenticula,
767 339 947 398 concitantes
962 340 1155 404 vomitiones.

143 425 270 486 silvestri
286 421 409 500 capillos
425 422 537 498 tingunt
554 430 583 480 et
598 422 634 480 ad
653 439 741 498 supra
757 422 866 499 scripta
881 431 1006 482 utuntur.

97 519 150 571 222
207 508 257 568 21.
281 505 365 585 (84.)
389 505 415 566 ll
432 505 577 564 contrario
591 507 620 564 in
633 506 745 583 magnis
760 505 892 566 laudibus
903 506 996 566 malva
1014 517 1061 567 est
1076 518 1158 571 utra-

143 611 200 671 que
213 601 242 650 et
253 592 345 651 sativa
361 599 390 650 et
405 589 559 649 silvestris.
584 589 640 649 duo
655 607 766 667 genera
781 608 879 650 earum
894 591 1083 668 amplitudine
1103 593 1159 655 ioli

141 676 352 736 discernuntur.
381 676 519 734 maiorem
535 672 639 734 Graeci
653 674 789 753 malopen
807 675 955 734 vocantia
972 675 1092 752 sativis,
1114 678 1180 742 al·s

141 770 233 820 teram
250 758 289 820 ab
311 757 487 819 emolliendo
510 767 611 817 ventre
627 757 731 818 dictam
753 767 854 837 putant
870 758 1032 818 molochen.
1068 762 1158 822 esil-

141 844 304 918 vestribus,
324 844 369 903 cui
386 842 497 919 grande
515 842 615 901 lolium
631 851 660 902 et
674 842 790 903 radices
806 842 907 918 albae,
931 841 1047 903 althaea
1063 860 1158 906 voca-

98 938 151 991 223
163 938 224 1004 tur,
243 927 280 988 ab
297 927 473 987 excellentia
492 926 616 985 effectus
638 926 808 1005 quibusdam
831 926 1028 1004 plistolochia.
1068 945 1158 989 omne

142 1013 235 1073 solum
246 1013 275 1070 in
287 1028 344 1089 quo
357 1018 490 1070 seruntur
503 1010 637 1088 pinguius
650 1010 769 1086 iaciunt,
783 1019 884 1070 contra
897 1011 988 1069 omnis
1000 1011 1159 1073 aculeatos

141 1098 214 1156 ictus
238 1094 393 1168 efficaces,
416 1093 575 1171 praecipue
601 1095 804 1172 scorpionum,
831 1112 983 1172 vesparum
1003 1096 1190 1162 similium-ro

142 1197 198 1256 que
211 1186 240 1237 et
252 1178 340 1236 muris
351 1177 459 1237 aranei.
481 1178 549 1254 quin
561 1185 590 1236 et
599 1179 665 1237 trita
679 1196 742 1237 cum
753 1178 822 1238 oleo
835 1178 962 1256 qualibet
975 1196 1074 1239 earum
1088 1198 1158 1259 per-

140 1264 218 1321 uncti
239 1269 305 1320 ante
328 1260 376 1320 vel
391 1261 533 1320 habentes
555 1279 606 1321 eas
622 1280 679 1327 uon
693 1262 844 1322 feriuntur.
879 1262 979 1323 lolium
995 1264 1158 1340 inpositum

141 1344 344 1424 scorpionibus
359 1354 509 1423 torporem
522 1345 626 1409 adfert.
648 1346 748 1407 valent
764 1356 793 1407 et
807 1356 907 1407 contra
923 1347 1049 1425 psimithi
1064 1366 1159 1409 vene·

140 1447 186 1490 ua.
217 1428 336 1490 aculeos
355 1431 446 1489 omnis
463 1430 615 1490 extrahunt
636 1430 734 1491 inlitae
756 1431 862 1492 crudae
885 1449 949 1491 oum
970 1432 1158 1513 aphronitro,

142 1522 230 1592 potae
249 1531 322 1573 vero
338 1513 481 1574 decoctae
499 1532 563 1573 cum
579 1515 679 1575 radice
694 1533 746 1575 sua
761 1515 872 1594 leporis
891 1517 991 1575 marini
1006 1534 1159 1577 venenum
1170 1542 1189 1583 n

98 1608 152 1661 224
163 1600 341 1674 restingunt,
364 1607 395 1658 ut
418 1598 533 1677 quidam
549 1599 664 1675 dicunt,
687 1601 711 1658 si
725 1609 865 1659 vomatur.
900 1598 946 1659 De
961 1599 1065 1660 iisdem
1083 1603 1160 1662 mira

144 1691 173 1741 et
190 1682 245 1741 alia
262 1682 427 1758 traduntur,
444 1682 496 1742 sed
512 1700 661 1759 maxume,
684 1684 709 1741 si
730 1684 794 1762 quis
815 1683 923 1743 cotidie
943 1685 1006 1742 suci
1029 1702 1068 1743 ex
1087 1703 1160 1764 qua-

141 1766 212 1825 libet
230 1784 327 1826 carum
345 1765 464 1826 sorbeat
480 1766 613 1841 cyathum
629 1766 791 1840 dimidium,
808 1765 939 1826 omnibus
952 1765 1062 1825 morbis
1081 1772 1160 1830 cari-

141 1860 244 1909 turum.
271 1850 370 1910 ulcera
387 1851 528 1909 manantia
545 1851 573 1907 iu
589 1850 685 1927 capite
700 1858 801 1908 sanant
815 1850 844 1906 iu
858 1848 938 1907 urina
955 1852 1160 1930 putrefactae,

141 1933 273 1994 lichenas
299 1944 327 1993 et
348 1933 446 1993 ulcera
469 1933 528 1991 oris
551 1950 613 1991 cum
633 1931 737 2007 melle,
764 1930 848 1990 radix
872 1931 994 1990 decocta
1020 1932 1189 2002 furfuream

143 2018 246 2094 capitis
266 2025 295 2076 et
311 2017 435 2077 dentium
453 2012 638 2074 mobilitates.
667 2015 729 2074 eius
745 2030 819 2092 quae
834 2031 919 2074 unum
935 2015 1049 2075 caulem
1064 2017 1161 2081 habet

141 2100 239 2160 radice
257 2102 335 2161 circa
350 2098 464 2158 dentem
479 2098 528 2177 qui
545 2097 644 2159 doleat
658 2099 796 2178 pungito,
812 2100 908 2159 donec
926 2099 1038 2160 desinat
1055 2100 1158 2164 dolor.

97 2195 149 2247 225
162 2185 263 2245 eadem
279 2192 403 2242 strumas
419 2192 448 2242 et
462 2183 611 2261 parotidas
628 2200 780 2262 panosque
797 2183 893 2244 addita
914 2182 1038 2243 hominis
1060 2187 1160 2248 saliva

142 2279 246 2348 purgat
272 2269 343 2326 citra
363 2266 478 2327 volnus.
516 2286 615 2327 semen
635 2269 662 2327 iu
686 2270 752 2327 vino
774 2267 857 2346 nigro
880 2276 978 2346 potum
999 2269 1106 2345 pituita
1130 2281 1160 2331 et

141 2354 249 2414 nausiis
265 2350 379 2412 liberat.
412 2352 496 2412 radix
512 2368 695 2411 mammarum
710 2352 787 2411 vitiis
803 2353 930 2412 occurrit
950 2351 1112 2430 adalligata
1130 2357 1190 2415 inas

142 2436 207 2496 lana
228 2437 327 2512 nigra,
345 2437 446 2496 tussim
465 2436 493 2494 in
508 2435 585 2494 lacte
602 2443 685 2495 cocta
702 2444 732 2494 et
749 2433 917 2495 sorbitionis
934 2435 1020 2495 modo
1038 2449 1159 2517 sumpta

99 2529 151 2584 226
161 2521 254 2598 quinis
268 2519 370 2579 diebus
387 2518 528 2579 emendat.
552 2518 703 2579 stomacho
715 2518 822 2578 inutilis
835 2519 951 2578 Sextius
963 2517 1057 2595 Niger
1072 2520 1158 2596 dicit,

142 2602 293 2681 Olympias
312 2603 450 2664 Thebana
472 2602 619 2663 abortivas
640 2621 707 2663 esse
724 2621 788 2662 cum
806 2601 892 2682 adipe
909 2604 1039 2679 auseris,
1064 2604 1159 2684 aliqui

142 2688 260 2766 purgari
282 2687 404 2748 feminas
424 2685 503 2746 loliis
525 2704 623 2746 earum
645 2704 744 2747 manus
764 2685 869 2765 plenae
887 2704 1022 2763 mensura
1038 2688 1068 2746 in
1084 2689 1157 2750 oleo

142 2781 171 2831 et
192 2773 259 2832 vino
282 2771 412 2848 sumptis.
446 2770 544 2848 utique
567 2778 680 2829 constat
700 2771 883 2848 parturientis
902 2770 981 2831 loliis
995 2769 1189 2837 substratisao

143 2856 269 2916 celerius
292 2852 377 2914 solvi.
415 2853 547 2931 protinus
565 2871 580 2912 a
601 2860 685 2930 partu
706 2854 918 2930 revocandum,
939 2873 976 2913 ue
998 2854 1090 2915 volva
1109 2875 1158 2916 se-

97 2949 150 3003 227
159 2949 271 3018 quatur.
291 2937 358 2996 dant
371 2945 399 2995 et
411 2954 511 2996 sucum
523 2935 678 2996 bibendum
691 2938 917 3014 parturientibus
928 2938 1032 2997 ieiunis
1043 2939 1073 2996 in
1086 2941 1158 3000 vino

142 3024 284 3082 decoctae
303 3019 427 3080 hemina.
472 3020 540 3099 quin
564 3029 593 3079 et
614 3038 713 3080 semen
735 3021 892 3099 adalligant
913 3021 1053 3083 bracchio
1072 3026 1158 3099 geni·

45 3113 60 3132 ‘
141 3105 200 3164 tale
218 3121 276 3163 non
291 3104 507 3165 continentium.
539 3103 672 3183 adeoque
688 3106 790 3165 veneri
806 3115 977 3181 nascuntur,
1001 3114 1031 3164 et
1051 3125 1159 3168 semen

142 3187 281 3248 unicaulis
297 3189 468 3267 adspersum
485 3190 625 3249 curationi
638 3190 805 3250 feminarum
817 3190 969 3250 aviditates
985 3207 1100 3266 augere
1118 3192 1156 3252 ad
1167 3212 1189 3255 aa

142 3274 280 3333 infinitum
295 3271 480 3335 Xenocrates
495 3274 598 3350 tradit,
615 3275 741 3353 itemque
755 3275 808 3335 tris
823 3274 939 3334 radices
953 3274 1032 3334 iuxta
1050 3274 1157 3336 adalli-

142 3366 235 3435 gatas.
262 3367 394 3418 tenesmo
415 3366 444 3419 et
469 3358 653 3433 dysintericis
667 3358 817 3419 utilissime
841 3356 965 3433 infundi,
986 3357 1056 3417 item
1073 3359 1158 3419 sedis

136 3441 230 3521 vr'tr'r's,
261 3442 310 3506 vel
336 3444 363 3506 si
386 3443 552 3507 foveantur.
583 3441 803 3503 melancholicis
824 3458 940 3521 quoque
959 3459 1049 3504 sucus
1070 3443 1159 3508 datur
