2422 3840
190 193 230 254 66
535 201 565 249 c.
582 201 678 248 amm
694 199 845 246 saeuum

190 359 307 434 ligatum
328 357 441 414 insitum
467 355 620 432 intritaque
636 353 745 412 inlitum
766 353 883 430 operire
898 359 976 411 terra
990 353 1106 412 calamis
1123 354 1193 414 sub·

148 442 309 503 llorectis.
356 447 454 498 nostra
474 446 554 498 aetas
577 437 705 496 correxit
722 444 753 495 nt
777 433 886 495 Gallica
914 445 1044 497 uteretur
1072 437 1193 497 terebra

189 542 263 602 quae
281 532 404 582 excavat
419 540 474 581 uec
492 522 558 595 urit,
575 522 709 599 quoniam
725 519 837 580 adustio
854 520 945 578 omnis
957 519 1086 596 hebetat,
1104 529 1193 599 atquc

187 617 217 666 ut
243 625 445 684 gemmascere
469 606 609 683 incipiens
635 605 750 680 legatur
773 603 917 678 calamus,
941 621 997 663 nec
1019 604 1083 682 plns
1106 622 1193 682 quam

189 691 262 750 binis
286 691 322 750 ab
345 691 430 750 insito
457 691 597 748 emineret
619 689 731 764 oculis,
760 687 953 747 ulmivimine
974 687 1102 764 adligato
1123 687 1211 749 bina

190 776 416 834 circumdaretur
426 774 459 814 **
479 775 542 832 acie
557 791 573 832 a
588 772 699 832 duabus
721 771 869 850 partibus,
895 780 925 830 ut
944 772 1011 830 inde
1027 772 1123 849 potius
1140 772 1192 832 de·

189 859 314 918 stillaret
329 875 431 917 mucor
446 858 493 935 qui
508 874 640 916 maxume
663 856 730 914 vitis
751 855 876 914 infestat.
909 855 1013 915 deinde
1036 873 1100 914 cum
1122 873 1192 916 eva·

189 942 312 1002 luissent
338 941 455 1017 flagella
482 941 574 1018 pedes
601 939 702 1014 binos,
729 938 873 998 vinculum
900 940 975 997 insiti
1001 940 1191 1016 incideretur,

148 1035 195 1088 lt‘l
208 1026 334 1086 ubertati
356 1025 546 1084 crassitudine
572 1022 722 1102 permissa.
754 1021 868 1082 Vitibus
892 1023 1054 1082 inserendis
1076 1031 1192 1101 tempus

189 1110 298 1169 dedere
314 1109 350 1167 ab
367 1109 551 1185 aequinoctio
569 1116 701 1167 autumno
720 1106 756 1166 ad
770 1107 986 1182 germinationis
1001 1107 1089 1166 initia.
1115 1108 1191 1166 Sati·

188 1211 242 1251 vae
257 1192 374 1270 plantae
397 1191 572 1251 silvestrium
594 1189 740 1250 radicibus
766 1192 929 1249 inseruntur
944 1199 1044 1249 natura
1059 1191 1192 1250 sicciori·

189 1275 253 1334 bus.
288 1277 312 1334 si
329 1277 440 1335 sativae
456 1274 639 1334 silvestribus
655 1275 832 1348 inserantur,
853 1274 1033 1350 degenerant
1049 1275 1077 1332 iu
1092 1274 1192 1334 ferita-

189 1367 256 1418 tem.
306 1359 431 1438 Reliqua
459 1359 544 1418 caclo
576 1366 718 1418 constant.
765 1358 913 1434 aptissima
941 1359 1032 1416 insitis
1061 1359 1191 1418 siccitas.

190 1441 274 1501 huius
291 1445 365 1501 enim
381 1443 537 1503 remedium
557 1441 699 1519 adpositis
716 1440 852 1501 fictilibus
866 1442 945 1500 vasis
963 1441 1093 1500 modicus
1109 1458 1194 1500 umor

162 1595 164 1598 ¹
190 1544 243 1604 per
257 1527 383 1586 cinerem
400 1526 560 1586 destillans.
589 1525 744 1585 inoculatio
761 1542 844 1584 rores
861 1535 935 1584 amat
951 1525 1035 1585 lenis.

146 1618 198 1672 118
266 1612 314 1672 16.
337 1611 419 1689 (26.)
441 1609 647 1688 Emplastratio
668 1617 697 1668 et
716 1610 779 1687 ipsa
799 1609 993 1668 inoculatione
1011 1616 1076 1668 nata
1097 1609 1192 1668 videri

189 1702 297 1770 potest,
312 1711 412 1754 crasso
431 1702 525 1752 autem
540 1711 671 1751 maxume
685 1693 787 1752 cortici
803 1693 949 1766 convenit,
968 1693 1041 1751 sicut
1058 1701 1104 1751 est
1115 1692 1192 1753 licis.

190 1795 261 1853 ergo
280 1779 432 1855 amputatis
448 1775 578 1835 omnibus
592 1777 689 1850 ramis,
703 1794 739 1834 ue
758 1793 857 1834 sucum
873 1785 1006 1851 avocent,
1020 1776 1192 1836 nitidissima

158 1893 160 1896 <
189 1862 217 1919 in
232 1869 314 1938 parte
338 1877 452 1937 quaque
474 1860 631 1938 praecipua
652 1867 787 1917 cernatur
802 1858 949 1936 hilaritas,
972 1868 1109 1937 exempta
1123 1878 1191 1919 scu·

189 1943 247 2003 tuln
273 1943 312 2001 ita
332 1961 369 2001 ne
391 1942 551 2001 descendat
572 1942 646 2001 ultra
662 1943 802 2001 corticem
825 1942 950 2019 ferrum,
975 1944 1135 2022 inprimitur
1153 1962 1211 2002 ex

190 2026 245 2085 alia
264 2035 366 2084 cortex
383 2043 435 2103 par
457 2043 520 2084 cum
544 2027 586 2084 sni
602 2027 739 2101 germinis
755 2035 884 2101 mamma,
909 2029 951 2086 sic
968 2044 1102 2106 conpage
1120 2027 1191 2087 den·

190 2118 251 2170 sata
263 2119 293 2168 ut
305 2111 434 2169 cicatrici
449 2108 531 2168 locus
546 2126 604 2168 nou
617 2111 652 2168 sit
665 2120 693 2169 et
707 2111 801 2169 statim
814 2110 862 2169 liat
875 2112 978 2185 unitas,
992 2128 1048 2169 nec
1059 2127 1192 2170 umorem

190 2211 245 2252 nec
261 2193 395 2253 adflatum
411 2194 572 2271 recipiens,
594 2193 776 2255 nihilomiuus
799 2203 894 2254 tamen
913 2204 942 2253 et
958 2195 1019 2254 luto
1033 2195 1146 2253 munire
1162 2204 1193 2254 et

150 2279 330 2342 119viuculo
354 2279 468 2342 melius.
503 2277 566 2336 Hoc
590 2297 683 2355 genus
704 2296 761 2337 nou
782 2280 894 2356 pridem
917 2288 1063 2355 repertum
1089 2279 1193 2337 volunt

191 2364 238 2442 qui
254 2364 337 2423 novis
352 2363 480 2423 moribus
496 2362 610 2437 favent,
634 2363 687 2422 sed
709 2373 738 2420 et
757 2364 811 2421 iam
826 2363 902 2440 apud
919 2371 1037 2421 veteres
1057 2361 1192 2422 Graecos
1210 2406 1211 2411 η

188 2449 332 2507 invenitur
353 2457 383 2507 et
403 2446 478 2524 apud
502 2443 658 2519 Catonem,
683 2447 731 2522 qni
753 2445 847 2504 oleam
869 2445 1012 2524 sucumque
1037 2447 1080 2504 sic
1100 2447 1192 2506 inseri

188 2534 270 2592 iussit
291 2549 425 2590 mensura
448 2531 532 2589 etiam
555 2529 706 2606 praefinita
728 2529 884 2589 secundum
906 2529 1047 2608 reliquam
1064 2530 1190 2606 diligen·

188 2616 254 2673 tiam
270 2632 367 2689 suam,
388 2614 513 2673 cortices
531 2612 649 2691 scalpro
667 2609 763 2672 excidi
778 2622 911 2691 quattuor
926 2613 1079 2690 digitorum
1095 2613 1191 2691 longi·

188 2697 285 2756 tudine
308 2707 337 2756 et
359 2699 442 2756 trium
465 2696 613 2756 latitudine
634 2704 722 2772 atque
744 2698 781 2755 ita
801 2700 997 2773 coagmentari
1015 2697 1114 2756 etilla
1138 2715 1192 2756 sua

189 2782 284 2839 intrita
301 2780 400 2855 oblini,
418 2780 520 2839 eadem
535 2781 647 2838 ratione
664 2788 693 2837 et
708 2780 734 2837 in
750 2779 835 2838 malo.
867 2777 987 2851 Quidam
1003 2781 1069 2840 lruic
1084 2784 1191 2857 generi

189 2865 333 2924 miscuere
350 2864 480 2924 fissuram
503 2865 530 2921 in
547 2863 667 2936 vitibus,
691 2872 825 2939 exempta
845 2865 946 2922 cortici
962 2862 1099 2938 tessella,
1126 2883 1191 2924 sur·

150 2958 198 3010 120
213 2948 278 3008 culo
295 2967 311 3008 a
332 2948 424 3006 latere
447 2947 534 3025 piano
555 2946 709 3021 adigendo.
746 2946 801 3005 'lot
818 2946 909 3005 modis
924 2949 1037 3007 insitam
1052 2947 1193 3008 arborem

189 3031 310 3090 vidimus
331 3033 410 3090 iuxta
426 3029 559 3088 Tiburtes
576 3028 691 3088 Thulias
713 3031 789 3088 omni
810 3049 921 3106 genere
944 3049 1093 3109 pomorum
1118 3050 1191 3091 onu-

189 3123 272 3190 stam,
291 3115 348 3173 alio
364 3131 443 3173 ramo
461 3113 591 3188 nucibus,
610 3113 667 3172 alio
683 3113 776 3190 bacis,
793 3115 908 3174 aliunde
924 3117 994 3192 vite,
1012 3116 1093 3193 piris,
1112 3116 1191 3192 licis,

191 3199 302 3277 punicis
323 3194 522 3274 malorumque
541 3198 708 3274 generibus.
749 3198 802 3257 sed
830 3198 897 3257 huic
919 3199 1017 3259 brevis
1040 3199 1093 3258 luit
1117 3200 1189 3260 vita.

191 3300 246 3341 nec
266 3290 361 3340 tamen
384 3282 478 3341 omnia
505 3282 709 3359 experimentis
730 3282 851 3361 adsequi
872 3293 999 3343 naturam
1022 3300 1190 3361 possumus.

190 3365 330 3444 quaedam
355 3367 430 3425 enim
451 3367 531 3424 nasci
552 3367 606 3425 nisi
626 3376 730 3445 sponte
752 3366 831 3426 nullo
849 3367 934 3427 modo
952 3376 1074 3445 queunt,
1093 3384 1192 3446 eaque

136 3450 351 3508 lalrirmitibus
371 3458 478 3510 tantum
500 3457 529 3508 et
550 3450 675 3510 desertis
691 3450 765 3509 locis
781 3454 962 3528 proveniunt.
997 3452 1192 3529 capacissima
