2422 3840
139 172 200 243 18'6
482 191 512 240 c.
528 191 624 239 rnrnr
640 188 792 248 suenum

132 348 177 409 his
193 363 268 425 quae
283 352 348 405 sunt
362 344 519 405 fortissima
540 345 649 404 nullum
671 344 744 404 ultra
765 342 971 422 quadrimatum
987 341 1057 400 utile
1081 348 1138 415 est,

132 433 277 493 dumtaxat
292 427 429 487 serendo.
460 429 562 488 culinis
578 438 608 489 et
621 429 694 488 ultra
709 426 883 507 tempestiva
901 435 974 486 sunt.

89 525 141 579 182
212 511 296 590 (59.)
320 511 479 572 Peculiaris
491 513 632 573 medicina
644 511 784 589 raphano,
800 509 898 585 betae,
914 519 1007 584 rutae,
1026 509 1140 569 cunilae

131 599 160 656 in
177 595 264 655 salsis
279 596 379 672 aquis,
403 613 477 674 qnae
492 605 523 656 et
539 597 648 675 alioqui
664 596 824 674 plurumum
840 589 973 654 suavitati
992 602 1021 650 et
1037 593 1139 652 fertili·

130 681 182 739 tati
199 678 361 738 conferunt.
395 682 502 740 ceteris
519 679 644 741 dulcium
666 696 803 757 aqnamm
821 678 903 754 rigua
926 686 1054 754 prosunt.
1085 677 1166 734 uti-⁵

131 763 259 822 lissimae
276 780 314 821 err
332 763 367 821 iis
383 781 457 840 quae
477 764 681 842 frigidissimae
703 773 826 842 atquae
847 769 917 840 potu
940 761 1138 820 suavissimae.

132 848 224 906 minus
240 846 327 906 utiles
343 864 359 905 e
374 856 477 925 stagno
493 856 523 908 et
538 866 610 926 quas
626 849 718 908 elices
729 847 875 922 inducunt,
891 843 1022 924 quoniam
1033 841 1139 902 herba·

132 949 194 990 rum
212 931 321 990 semina
337 930 482 990 invehunt.
520 934 681 1011 praecipue
696 941 791 992 tamen
807 929 916 988 imbres
932 927 1019 1001 alunt,
1035 933 1140 986 namet

132 1013 278 1074 bestiolae
294 1013 477 1073 innascentes
493 1023 640 1074 necantur.

91 1107 143 1162 183
213 1097 261 1156 12.
284 1096 367 1174 (60.)
389 1095 440 1154 His
457 1096 548 1156 horae
564 1096 677 1174 rigandi
692 1094 829 1154 matutino
843 1103 931 1173 atque
942 1109 1085 1169 vespera,
1103 1109 1141 1149 ne
1154 1098 1180 1139 ¹⁰

132 1181 310 1240 infervescat
327 1195 400 1256 aqua
415 1179 491 1255 sole,
509 1181 603 1239 ocimo
618 1188 724 1239 tantum
745 1186 775 1237 et
793 1177 959 1239 meridiana.
988 1175 1073 1234 etiarn
1095 1192 1141 1234 sa-

134 1274 193 1323 tum
210 1262 362 1322 celerrime
379 1279 532 1339 erumpere
547 1272 646 1342 putant
662 1265 737 1323 inter
758 1261 837 1322 initia
856 1261 981 1321 ferventi
997 1275 1071 1336 aqua
1092 1258 1141 1317 ad·

133 1363 276 1427 sparsum.
306 1347 399 1405 omnia
416 1356 510 1407 autem
525 1347 664 1408 translata
684 1345 805 1406 meliora
824 1345 1037 1422 grandioraque
1061 1342 1141 1417 liunt,

133 1447 264 1490 maxume
282 1429 361 1506 porri
379 1433 514 1510 napique.
547 1433 576 1490 in
589 1430 779 1491 translatione
797 1438 826 1489 et
843 1429 984 1490 medicina
1007 1435 1069 1501 est,
1091 1425 1141 1484 de·

134 1517 287 1591 siduntque
305 1513 414 1573 sentire
429 1514 556 1592 iniurias,
572 1524 604 1575 ut
618 1515 772 1593 gethyum,
788 1530 916 1592 porrum,
934 1510 1065 1590 raphani,
1081 1509 1180 1586 api-1⁵

93 1607 216 1677 184um,
232 1596 381 1672 lactucae,
401 1615 490 1677 rapa,
512 1601 651 1660 cucumis.
680 1598 778 1658 Omnia
801 1606 896 1657 autem
918 1595 1063 1657 silvestria
1077 1592 1143 1652 fere

135 1690 200 1742 sunt
217 1689 246 1739 et
261 1680 341 1740 foliis
355 1681 465 1743 minora
482 1691 512 1742 et
530 1683 676 1759 caulibus,
698 1698 769 1742 suco
786 1681 916 1756 acriora,
938 1681 1013 1739 sicut
1035 1675 1141 1750 cunila,

135 1768 301 1842 origanum,
317 1772 390 1823 rnta.
420 1765 515 1825 solum
531 1783 603 1825 vero
626 1784 665 1825 err
685 1763 816 1824 omnibus
838 1763 984 1841 lapathum
1005 1761 1143 1820 silvestre

133 1848 247 1908 melius.
270 1845 328 1904 hoc
339 1846 367 1904 in
378 1849 477 1906 sativis
488 1867 589 1908 rumex
601 1856 733 1923 vocatur,
748 1847 932 1923 nasciturque
944 1845 1142 1918 fortissimum,

135 1931 248 1991 tradunt
271 1937 351 1986 certe
367 1930 459 1989 semel
475 1939 566 1991 satum
581 1931 685 1991 durare
700 1947 755 1989 nec
772 1929 849 1988 vinci
866 1946 1000 2007 umquam
1020 1945 1036 1986 a
1052 1936 1142 2001 terra,
1154 1936 1182 1977 ²0

94 2024 283 2078 185maxume
299 2010 379 2070 iuxta
394 2028 508 2089 aquarn.
538 2032 625 2074 sucus
641 2015 704 2073 eins
721 2030 784 2073 cum
798 2013 890 2073 tisana
905 2020 1013 2072 tanturn
1029 2012 1058 2070 in
1070 2010 1144 2069 cibis

135 2096 276 2155 leviorem
292 2094 508 2176 gratioremque
522 2114 660 2177 saporem
675 2105 813 2176 praestat.
842 2096 978 2156 silvestre
1004 2095 1039 2154 ad
1054 2094 1144 2153 multa

134 2176 322 2238 medicamina
337 2178 408 2238 utile
424 2189 486 2258 est,
507 2181 643 2261 adeoque
663 2181 733 2241 nihil
754 2181 849 2241 omisit
872 2197 940 2240 cura
963 2188 995 2239 ut
1017 2179 1143 2238 carmine

135 2279 252 2341 quoque
269 2262 501 2340 conprehensum
516 2268 660 2344 reperiam
677 2267 706 2324 in
720 2264 795 2326 fabis
815 2265 924 2342 caprini
944 2263 1000 2323 fimi
1020 2260 1143 2337 singulis

135 2347 256 2422 cavatis,
270 2346 295 2405 si
310 2348 400 2425 porri,
416 2366 534 2426 erucae,
546 2349 689 2423 lactucae,
705 2350 763 2425 api,
780 2346 881 2422 intubi,
897 2345 1017 2410 nasturti
1032 2345 1144 2403 semina
1156 2353 1183 2395 ²⁵

135 2431 248 2490 inclusa
264 2437 409 2506 serantur,
422 2435 494 2493 mire
512 2433 679 2510 provenire.
706 2432 787 2506 Quae
800 2441 865 2489 sunt
880 2429 1024 2490 silvestria
1040 2426 1145 2485 eadem

137 2516 168 2572 in
186 2515 284 2572 sativis
300 2514 425 2574 sicciora
440 2516 645 2593 intelleguntur
665 2524 695 2574 ct
713 2514 837 2575 acriora.

95 2607 146 2662 186
214 2595 298 2674 (61.)
317 2593 448 2675 Namque
465 2607 494 2660 et
510 2615 644 2659 sucorum
660 2615 855 2676 saporumque
870 2595 992 2657 dicenda
1008 2592 1143 2654 differen-

135 2681 174 2739 tia
189 2688 244 2752 est,
260 2677 310 2736 vel
324 2680 415 2741 maior
430 2685 459 2742 in
474 2683 518 2743 his
533 2700 618 2761 quam
637 2683 739 2761 pomis.
770 2690 835 2741 sunt
850 2691 944 2740 autem
960 2696 1046 2738 acres
1064 2678 1144 2736 cuni·

136 2764 194 2836 lae,
208 2761 330 2837 origani,
346 2768 476 2844 nasturti,
494 2767 613 2843 sinapis,
631 2766 719 2826 amari
735 2764 867 2839 absinthi,
882 2763 1041 2836 centaurei,
1055 2778 1143 2838 aqua·
1153 2774 1181 2815 ao

57 2896 61 2905 .
136 2845 204 2906 tiles
221 2846 402 2924 cucumeris,
426 2849 610 2926 cucurbitae,
627 2849 776 2923 lactucae,
798 2849 875 2907 acuti
892 2847 997 2922 thvrni,
1017 2843 1143 2919 cunilae,

135 2931 213 2990 acuti
229 2937 259 2988 et
273 2928 387 2988 odorati
401 2935 459 3012 api,
472 2934 559 3009 aneti,
574 2932 703 2993 feniculi.
731 2932 825 2991 salsus
839 2939 947 2991 tantum
961 2926 1146 3008 esaporibus

137 3029 197 3153 nup
210 3012 348 3152 nascptnr,
368 3016 522 3095 aliquando
542 3025 624 3076 extra
638 3015 733 3075 insidit
749 3015 878 3094 pulveris
890 3014 989 3090 modo,
1006 3023 1035 3072 et
1051 3013 1145 3072 cicer·

139 3113 173 3154 cu
188 3112 212 3153 rs
227 3105 275 3154 tan
290 3113 344 3154 um.

98 3187 146 3242 187
218 3178 302 3256 (62)
329 3178 426 3264 Atque
448 3193 479 3244 ut
498 3184 686 3260 intellegatur
705 3199 778 3241 vana
798 3200 851 3242 ceu
875 3182 1046 3260 plerumque
1068 3182 1145 3240 vitae
1156 3189 1183 3232 ³⁵

137 3263 302 3340 persuasio,
319 3280 413 3340 panax
430 3269 540 3347 piperis
556 3284 692 3344 saporem
708 3266 804 3327 reddit
819 3273 849 3324 et
871 3266 963 3341 magis
981 3265 1066 3324 etiam
1086 3262 1145 3323 sili-

140 3355 286 3424 quastrum
302 3347 340 3407 ob
357 3354 385 3414 id
399 3352 561 3431 piperitidis
577 3352 691 3411 nomine
707 3357 849 3426 accepto,
872 3347 1007 3407 libanotis
1024 3346 1147 3407 odorem

95 3430 272 3505 semitonia,
296 3438 451 3512 zmyrnium
474 3453 597 3497 murrae.
630 3436 667 3496 de
690 3449 803 3513 panace
823 3429 935 3492 abunde
962 3430 1068 3493 dictum
1090 3440 1148 3491 est.
