2422 3840
127 195 189 256 210
477 204 781 255 cecrrusscurrnr

125 361 305 440 laterumque
322 368 351 418 et
366 357 543 435 lumborum,
566 360 674 434 tussis,
697 359 839 437 suspiria,
858 357 1046 436 pulmonum,
1064 359 1141 418 ioci-

125 463 242 519 nerum,
265 444 375 503 renium
395 444 481 517 vitia,
503 442 643 503 horrores
659 442 792 520 frigidos.
819 440 855 501 ad
870 440 1011 520 crapulae
1027 459 1140 517 grave·

127 529 209 588 dines
227 526 406 586 decocuntur
421 526 492 587 lolia
513 527 634 606 poturis.
666 535 696 585 et
715 528 743 585 in
765 524 830 586 cibo
845 525 894 586 vel
910 523 998 585 cruda
1014 524 1067 584 ycl
1085 524 1138 584 dc-

127 619 210 672 cocta
231 609 384 670 conditave
401 610 539 688 prodest,
560 611 628 669 item
643 609 811 670 torminibus
828 610 857 668 in
874 607 991 687 hysopo
1008 607 1140 669 decocta

85 704 135 759 137
148 703 177 754 et
199 712 263 754 cum
282 694 360 755 vino.
393 695 436 754 sic
452 703 481 753 et
500 694 668 770 sanguinem
686 695 760 754 sistit
782 693 947 754 interiorem
968 699 1000 750 et
1022 694 1162 754 nariums

127 778 232 854 indita,
255 780 299 839 sic
326 787 355 838 et
377 779 500 838 conlutis
519 777 652 838 dentibus
676 776 808 855 prodest.
839 776 954 837 auribus
969 792 1097 855 qnoque
1110 776 1140 837 in

85 881 117 915 1³¹
131 861 235 924 dolore
252 880 338 923 sucus
354 861 527 941 infunditur,
543 861 706 937 custodito,
722 870 753 921 ut
770 861 908 938 diximus,
925 859 1015 920 modo
1034 860 1067 919 in
1088 858 1138 919 sil·

127 947 234 1022 vestri,
261 954 361 1006 contra
382 946 544 1006 tarditatem
564 962 636 1005 vcro
660 945 829 1022 sonitusque
850 961 914 1004 cum
934 960 1065 1004 rosaceo
1090 940 1139 1003 vel

88 1039 214 1093 ibiscum
233 1029 333 1089 laureo
350 1027 418 1087 oleo
435 1037 483 1087 aut
497 1028 611 1088 cumino
629 1037 659 1088 ct
672 1028 772 1090 melle.
803 1045 890 1088 sucus
908 1035 937 1086 et
952 1026 1138 1105 phreneticis

128 1130 166 1172 ex
182 1121 266 1172 aceto
281 1112 367 1171 tritae
382 1110 535 1171 instillatur
548 1113 577 1171 in
592 1121 724 1189 tempora
736 1120 765 1172 et
778 1110 940 1173 cerebrum.
961 1109 1168 1171 adieceruntn

128 1195 216 1272 aliqui
233 1205 262 1254 et
278 1194 438 1272 serpyllum
454 1203 483 1253 et
503 1194 614 1256 laurum
629 1195 783 1255 inlinentes
799 1195 895 1274 capita
911 1202 941 1254 et
961 1193 1053 1254 colla.
1087 1194 1139 1255 de·

129 1279 232 1338 derunt
254 1287 283 1338 et
303 1277 473 1356 lethargicis
495 1297 533 1339 ex
549 1288 636 1339 aceto
651 1278 863 1354 olfaciendum,
879 1278 1022 1339 dederunt
1039 1286 1072 1338 et
1089 1294 1139 1338 co·

128 1361 283 1423 mitialibus
299 1360 454 1422 bibendum
469 1361 612 1424 decoctae
627 1381 727 1423 sucum
741 1364 770 1424 in
788 1363 899 1439 cyathis
913 1370 1053 1440 quattuor
1071 1369 1140 1423 ante

128 1447 316 1506 accessiones
338 1462 457 1524 quarum
478 1446 570 1524 frigus
592 1446 777 1507 intolerabile
793 1455 855 1522 est,
874 1445 1054 1522 alsiosisque
1073 1463 1139 1505 cru·

87 1539 138 1594 139
150 1530 215 1591 dam
231 1531 261 1590 in
281 1529 358 1590 cibo.
395 1531 504 1591 urinam
520 1547 636 1609 quoque
651 1531 701 1590 vel
719 1539 865 1591 cruentam
886 1529 988 1609 pellit,
1013 1529 1167 1589 femina-rs

128 1632 190 1675 rum
205 1616 291 1675 etiarn
306 1615 496 1692 purgationes
511 1613 731 1693 secundasque,
752 1616 837 1676 etiam
857 1622 1006 1674 emortuos
1022 1622 1139 1691 partus,

128 1708 158 1758 ut
172 1699 343 1777 Hippocrati
359 1697 490 1774 videtur,
507 1716 545 1757 cx
558 1699 626 1758 vino
641 1697 719 1758 dulci
733 1700 816 1776 nigro
833 1706 903 1776 potu
919 1699 1020 1773 itaque
1043 1696 1138 1758 inlita.

130 1792 159 1842 ct
170 1782 321 1842 volvarum
333 1798 422 1841 causa
433 1791 462 1840 et
473 1780 572 1842 sullire
584 1781 673 1842 iubet.
693 1780 813 1843 Diocles
827 1791 856 1842 et
868 1780 1013 1841 cardiacis
1024 1780 1141 1860 inponit

130 1884 168 1926 ex
183 1875 267 1925 aceto
283 1873 313 1923 et
327 1863 416 1924 melle
432 1882 495 1924 cum
508 1865 601 1925 larius
616 1863 799 1942 hordeacea,
819 1875 848 1926 ct
866 1873 966 1925 contra
979 1864 1073 1929 ileum
1089 1865 1140 1926 de·

131 1957 216 2008 cocta
231 1947 323 2007 iarina
338 1949 367 2005 in
381 1947 449 2007 oleo
464 1947 625 2007 velleribus
641 1946 778 2009 collecta.
805 1949 885 2009 multi
901 1963 972 2008 vero
988 1956 1021 2008 et
1034 1957 1169 2011 contram

130 2029 296 2109 purulentas
326 2031 549 2092 exscreationes
580 2033 678 2092 siccae
705 2031 855 2093 drachmas
884 2033 973 2107 duas,
1005 2031 1142 2111 sulpuris

129 2130 212 2175 unam
232 2122 261 2173 et
284 2113 426 2175 dimidiam
450 2116 523 2176 sumi
545 2126 681 2191 censent,
707 2125 737 2176 et
758 2125 859 2177 contra
880 2123 1016 2176 cruentas
1038 2132 1142 2177 ramos

91 2208 140 2264 140
152 2198 203 2258 tris
226 2197 369 2258 decoctos
391 2201 420 2259 in
441 2201 519 2261 rino.
554 2200 637 2262 datur
658 2210 688 2260 ct
707 2200 891 2276 dysintericis
911 2216 976 2260 cunr
999 2217 1096 2261 caseo
1113 2201 1143 2261 in

130 2284 197 2343 vino
222 2284 353 2343 coutrita.
390 2284 532 2346 dederunt
554 2295 583 2345 et
608 2302 671 2346 curn
699 2284 836 2345 bitumine
857 2284 1000 2344 infriatam
1025 2285 1143 2362 potioni

130 2376 251 2447 propter
272 2366 444 2447 anhelitum,
466 2388 504 2428 ex
525 2369 584 2429 alto
604 2369 695 2447 lapsis
716 2369 833 2429 seminis
854 2369 906 2428 tris
926 2366 1041 2429 uncias.
1080 2367 1171 2428 oleion

130 2451 203 2511 libra
219 2452 333 2530 vinique
350 2452 480 2512 sextario
497 2451 623 2512 inlinitur
638 2469 700 2510 cum
718 2452 786 2512 cleo
802 2453 895 2512 coctis
908 2450 987 2510 loliis
1003 2450 1144 2527 partibus

130 2550 202 2613 quas
217 2533 310 2609 frigus
326 2534 482 2595 adusserit.
520 2535 544 2595 si
558 2537 667 2597 urinam
686 2545 802 2612 movet,
817 2545 849 2594 ut
867 2534 1041 2612 Hippocrati
1056 2535 1143 2595 vide·

130 2627 192 2689 tur,
208 2617 309 2677 mirum
325 2629 370 2679 est
386 2619 527 2697 quosdam
541 2620 611 2680 dare
627 2620 708 2680 velut
723 2618 898 2679 inhibentem
917 2617 1016 2697 potui,
1034 2628 1143 2679 contra

89 2708 138 2765 141
151 2699 385 2761 incontinentiam
405 2704 514 2763 urinae.
549 2720 653 2782 psoras
674 2713 703 2764 et
725 2703 824 2782 lepras
847 2720 910 2762 curn
925 2700 1015 2761 melle
1031 2710 1063 2761 et
1079 2702 1142 2764 alu·

129 2783 205 2843 minc
227 2783 307 2844 inlita
327 2786 475 2862 emendat,
501 2787 569 2845 item
588 2787 762 2864 vitiligines,
785 2803 942 2860 verrucas,
963 2792 1094 2845 strumas
1112 2793 1172 2847 ctu

131 2866 235 2927 similia
255 2885 318 2927 cum
339 2869 461 2943 trychno
483 2878 512 2928 ct
533 2869 619 2948 adipe
639 2868 726 2951 suillo
748 2887 782 2930 ac
796 2871 907 2930 taurino
924 2867 1017 2942 sebo,
1041 2869 1143 2946 ignaru

131 2968 246 3011 sacrum
262 2970 300 3011 ex
310 2961 394 3012 aceto
407 2962 436 3013 et
447 2951 515 3013 oleo
529 2951 578 3013 vel
590 2952 751 3032 psimithio,
767 2952 974 3014 carbunculum
985 2969 1025 3011 ex
1037 2961 1142 3013 aceto.

131 3033 261 3094 nonnulli
276 3035 460 3115 laserpicium
481 3055 537 3097 una
560 3037 638 3097 inlini
659 3037 773 3112 iubent,
797 3038 860 3098 siue
877 3053 935 3115 quo
953 3035 1142 3114 epinyctidas

133 3117 251 3195 pusulas
268 3128 377 3179 curant.
400 3121 539 3199 inponunt
555 3130 584 3180 et
599 3122 726 3182 mammis
737 3121 918 3198 turgentibus
935 3120 1093 3180 decoctam
1111 3128 1143 3181 et

92 3210 141 3264 142
153 3201 273 3279 pituitae
290 3203 487 3281 eruptionibus
506 3223 569 3264 cum
585 3222 664 3280 cera,
680 3206 794 3266 testium
813 3221 885 3265 vero
903 3202 1056 3283 epiphoris
1073 3221 1173 3264 cumas

132 3286 219 3346 ramis
237 3285 310 3347 lauri
334 3288 460 3365 teneris,
482 3289 556 3349 adeo
575 3289 717 3368 peculiari
738 3290 767 3349 in
784 3288 949 3349 visceribus
964 3286 1009 3347 his
1027 3287 1142 3348 ellectu

132 3378 163 3428 ut
189 3370 318 3432 silvestri
342 3381 406 3433 ruta
431 3391 494 3433 cum
512 3375 635 3451 axungia
656 3375 751 3434 reteri
773 3372 871 3433 inlitos
893 3371 1019 3432 ramices
1040 3371 1143 3433 sanari

122 3453 265 3530 prodant.
294 3455 388 3520 fracta
409 3475 525 3540 quoque
546 3456 675 3519 membra
692 3458 801 3518 semine
823 3457 890 3517 trito
915 3473 979 3517 cum
1004 3473 1076 3518 cera
1098 3456 1142 3517 iu·
