2422 3840
131 161 189 222 112
479 173 508 221 e.
523 175 619 221 emur
635 173 787 221 saeuum

87 336 135 393 107
207 326 291 406 (28.)
314 328 443 387 Pistores
459 326 571 387 Romae
584 344 642 386 non
658 327 741 386 fuere
755 328 792 387 ad
808 327 957 387 Persicum
968 345 1061 407 usque
1072 327 1137 388 bel-

128 413 184 472 lum
201 413 281 471 annis
297 411 332 471 ab
349 411 420 470 urbe
439 411 553 471 condita
573 429 664 490 super
684 423 816 471 anxx.
846 411 902 489 ipsi
921 428 1025 489 panem
1045 410 1137 472 iacie-

127 496 196 556 bant
212 495 354 573 Quirites,
377 495 585 572 mulierumque
607 495 636 554 id
658 512 732 572 opus
754 503 834 570 erat,
859 495 934 554 sicut
953 497 1039 556 etiarn
1060 512 1137 555 nunc

126 582 154 640 in
181 580 319 657 plurumis
340 579 476 656 gentium.
519 587 661 656 artoptam
684 577 801 638 Plautus
824 578 953 656 appellat
977 579 1007 638 iu
1036 577 1137 639 fabula

127 681 210 741 qnam
226 663 403 723 Aululariam
418 663 553 740 scripsit,
574 679 677 740 magna
694 661 732 720 ob
749 663 779 723 id
798 664 1015 722 concertatione
1039 661 1161 722 erudi-n

86 757 234 811 108torum
250 765 285 808 an
304 748 329 807 is
344 764 447 807 versus
462 754 570 824 poetae
586 748 623 805 sit
639 746 734 821 illius,
757 755 925 824 certumque
947 742 980 806 lit
995 745 1065 806 Atei
1080 740 1136 806 Ga·

127 834 232 910 pitonis
246 833 390 891 sententia
412 848 502 891 cocos
522 839 581 893 tum
601 848 704 909 panem
727 828 898 889 lautioribus
916 847 1046 910 coquere
1065 829 1136 889 soli·

126 924 183 992 tos,
199 917 386 994 pistoresque
409 924 516 974 tantum
532 932 585 975 eos
600 916 649 993 qui
664 914 710 974 iar
727 913 862 992 pisebant
878 914 1050 975 nominatos.
1079 932 1136 974 nec

127 1016 217 1058 cocos
232 1016 304 1058 vero
319 997 465 1058 habebant
483 1000 511 1057 in
528 999 666 1074 servitiis,
684 1015 797 1075 eosque
819 1016 857 1057 ex
876 998 1001 1058 macello
1027 998 1135 1058 condu-

126 1083 239 1142 cebant.
261 1080 428 1142 Gribrornm
445 1100 553 1159 genera
573 1082 683 1143 Galliae
702 1100 719 1140 e
736 1083 825 1140 saetis
838 1099 979 1159 equorum
991 1083 1133 1142 invenere
1146 1093 1170 1135 1⁰

125 1164 281 1243 Hispaniae
298 1166 386 1225 elino
403 1168 572 1225 excussoria
588 1175 617 1225 et
632 1165 796 1244 pollinaria,
813 1165 967 1244 Aegyptus
984 1185 1000 1226 e
1019 1183 1133 1246 papyro

124 1257 153 1308 at
176 1268 211 1308 ue
225 1252 321 1309 iunco.

84 1340 134 1395 109
155 1266 173 1326 q
204 1332 287 1413 (29.)
300 1334 341 1412 [1]
356 1333 415 1392 Sed
432 1333 507 1392 inter
517 1333 608 1411 prima
624 1332 736 1392 dicatur
749 1342 779 1392 et
790 1333 883 1393 alicae
896 1333 969 1393 ratio
982 1343 1133 1411 praestan·

125 1417 251 1477 tissimae
273 1416 555 1494 saluberrimeque,
574 1434 648 1494 quae
667 1417 762 1494 palma
780 1417 894 1494 frugum
906 1415 1063 1477 indubitata
1076 1416 1132 1478 lta·

125 1501 181 1561 liae
195 1502 325 1578 contigit.
347 1501 377 1560 lit
393 1502 455 1560 sine
472 1500 558 1561 dubio
571 1503 639 1560 etin
651 1500 807 1579 Aegypto,
821 1501 874 1560 sed
883 1500 1035 1560 admodum
1048 1520 1134 1580 sper·
1144 1518 1168 1560 tt

125 1585 235 1660 nenda,
260 1587 288 1644 in
303 1584 385 1645 ltalia
400 1601 472 1644 vero
489 1583 618 1662 pluribus
633 1584 724 1661 locis,
746 1586 821 1644 sicut
834 1585 999 1644 Veronensi
1014 1585 1131 1646 Pisano·

125 1686 181 1746 que
198 1687 280 1745 agro,
292 1670 320 1727 in
333 1666 488 1747 Campania
501 1678 595 1728 tamen
608 1668 812 1728 laudatissima.
843 1687 960 1747 campus
977 1679 1023 1728 est
1036 1668 1132 1729 subia-

127 1770 196 1811 cens
218 1753 363 1811 montibus
380 1752 537 1826 nimbosis,
562 1759 639 1810 totus
661 1751 776 1829 quidem
791 1765 838 1811 XL
852 1751 881 1810 Μ
907 1771 1044 1831 passuum
1067 1752 1129 1832 pla·

83 1846 133 1898 110
141 1837 234 1895 nities.
259 1845 336 1895 terra
350 1837 411 1895 eius
425 1844 508 1894 -ut
520 1837 651 1912 protinus
664 1835 719 1894 soli
731 1845 833 1896 natura
848 1836 974 1914 dicatur,
987 1837 1130 1915 pulverea

124 1935 249 1993 summa,
276 1917 396 1977 inferior
422 1918 520 1978 bibula
551 1926 580 1976 et
607 1920 728 1996 pumicis
759 1920 825 1979 vice
849 1919 982 1981 fistulosa
1012 1933 1167 1999 quoquere

122 2036 165 2046 -
179 2004 315 2060 montium
332 2002 417 2080 eulpa
437 2003 465 2061 in
481 2002 587 2062 bouum
605 2001 691 2060 cedit.
722 2002 843 2062 crebros
862 2004 936 2062 enim
950 2003 1050 2063 imbris
1062 2022 1130 2082 per·

124 2085 203 2145 colat
220 2093 306 2162 atque
322 2087 500 2161 transmittit,
519 2103 576 2144 nec
588 2081 660 2145 ‘dilui
676 2094 724 2144 aut
745 2087 865 2145 madere
887 2085 978 2146 voluit
1007 2097 1131 2166 propter

123 2169 291 2229 felicitatem
308 2169 455 2245 culturae,
471 2169 574 2230 eadem
589 2178 742 2248 acceptum
755 2186 884 2230 umorem
899 2169 985 2230 nullis
1001 2169 1128 2230 lontibus

122 2253 235 2330 reddit,
257 2254 309 2314 sed
332 2262 474 2333 temperat
490 2263 519 2313 et
534 2270 721 2332 concoquens
742 2255 817 2313 intra
835 2272 868 2313 se
884 2255 950 2314 vice
966 2254 1041 2314 lurni
1059 2271 1127 2314 cou-

81 2347 130 2399 111
139 2339 218 2398 tinet.
260 2340 364 2398 seritur
382 2348 443 2397 toto
466 2355 557 2412 anno,
583 2339 687 2414 panico
712 2337 822 2414 semel,
846 2337 891 2396 bis
915 2338 1001 2398 farre.
1039 2347 1068 2397 et
1088 2348 1167 2398 tar-2⁵

122 2440 188 2480 men
208 2441 280 2482 vere
302 2433 423 2499 segetes
445 2440 520 2500 quae
541 2421 757 2498 interquievere
777 2421 897 2481 fundunt
912 2438 1008 2482 rosam
1023 2421 1129 2481 odora·

122 2507 225 2564 tionem
235 2507 337 2565 sativa.
353 2505 428 2565 adeo
439 2515 517 2564 terra
529 2510 586 2565 non
598 2513 695 2564 cessat
705 2523 822 2583 parere,
836 2505 911 2565 unde
922 2506 1012 2584 volgo
1023 2505 1131 2565 dictum

122 2587 188 2665 plus
210 2589 285 2664 apud
304 2586 466 2667 Campanos
489 2589 627 2664 unguenti
647 2607 732 2665 quam
751 2589 827 2666 apud
843 2597 961 2650 ceteros
977 2589 1036 2651 olei
1055 2590 1128 2649 lieri.

122 2678 255 2747 quantum
272 2681 365 2731 autem
380 2675 530 2732 universas
548 2680 641 2730 terras
657 2689 776 2750 campus
792 2669 954 2750 Campanus
971 2674 1128 2748 antecedit,

122 2761 228 2812 tantum
245 2754 338 2831 ipsum
354 2772 421 2832 pars
441 2758 503 2814 eius
521 2767 595 2832 quae
609 2753 752 2814 Leboriae
766 2765 923 2831 vocantur,
941 2774 1028 2834 quem
1045 2756 1166 2817 Phle-eo

123 2855 241 2913 gnaeum
264 2835 367 2896 Graeci
391 2838 549 2916 appellant.
582 2837 716 2896 liniuntur
729 2837 873 2898 Leboriae
887 2841 933 2899 via
949 2840 985 2901 ab
1004 2849 1130 2919 utroque

121 2921 213 2981 latere
238 2921 381 2981 consulari
405 2940 479 2999 quae
500 2939 517 2981 a
537 2920 666 2980 Puteolis
687 2930 716 2981 et
742 2938 817 2999 quae
847 2941 863 2982 a
886 2921 983 2982 Gumis
1003 2921 1132 3003 Capuam

80 3005 224 3066 llbducit.
259 3005 299 3084 [2]
333 3004 418 3066 Alica
436 3005 565 3064 litezea
586 3022 787 3082 quamsemen
811 3007 1032 3086 appellavimus.
1068 3016 1130 3067 tun·

121 3088 195 3146 ditur
209 3106 329 3164 granum
342 3090 403 3148 eius
422 3090 449 3148 in
463 3089 522 3168 pila
538 3089 652 3165 lignea,
676 3108 712 3149 ne
736 3089 842 3168 lapidis
864 3091 966 3151 duritia
986 3099 1129 3166 conterat,
1195 3131 1202 3141 ·

120 3170 230 3246 mobili,
247 3181 275 3230 ut
291 3181 388 3232 notum
405 3182 465 3254 est,
482 3173 542 3252 pilo
558 3174 719 3234 vinctorum
735 3175 852 3253 poenali
867 3193 969 3253 opera.
1010 3174 1133 3255 primori
1141 3190 1168 3232 as

119 3255 194 3314 inest
210 3256 294 3333 pyxis
315 3256 422 3316 ferrea.
447 3257 580 3317 excussis
595 3257 662 3317 iude
685 3260 788 3318 tunicis
803 3259 906 3318 iterum
920 3259 1023 3319 iisdem
1040 3277 1130 3320 arma-

119 3342 223 3400 mentis
238 3339 341 3401 nudata
357 3342 516 3402 conciditur
528 3340 662 3405 medulla.
692 3344 732 3403 ita
746 3342 816 3402 liunt
827 3342 919 3403 alicae
933 3344 988 3404 tria
1003 3361 1129 3421 genera:

15 3502 18 3506 Δ
116 3423 269 3483 minumum
290 3442 324 3486 ac
351 3426 570 3501 secundarium,
600 3426 820 3502 grandissimum
849 3444 922 3487 vero
954 3427 1130 3506 aphaerema
