2422 3840
291 189 371 236 usu.
390 188 482 236 ursr.
497 190 570 236 xxr.
587 186 707 241 ιιι-34.
725 176 913 255 (roa-109.)
1039 177 1102 239 265

100 358 136 401 eo
149 341 227 419 quod
240 341 375 420 cuspides
387 344 415 400 in
426 340 547 419 proellis
559 343 758 418 tinguerentur
770 343 821 402 illo
833 344 940 420 passim
952 355 1100 404 nascente.

100 428 147 507 qui
176 427 306 502 opertius
339 424 552 484 insectabantur
577 427 709 484 manicon
740 428 941 503 nominavere,
977 428 1025 507 qui
1053 445 1101 486 ne-

100 510 193 586 quiter
209 509 393 569 occultabant
409 509 547 584 erythron
562 516 609 566 aut
624 509 750 568 neurada
764 518 828 585 aut,
846 520 875 570 ut
890 510 1034 586 nonnulli,
1051 529 1100 589 pe·

99 594 210 668 risson,
238 610 274 651 ne
296 592 416 652 cavendi
440 592 554 670 quidem
576 609 663 652 causa
681 593 822 652 curiosius
843 594 1004 653 dicendum.
1034 597 1101 672 quin

72 685 128 738 set
160 677 281 736 alterum
310 693 403 752 genus
432 674 509 752 quod
539 674 729 734 halicacabon
755 684 861 735 vocant
890 679 1084 754 soporiferum
1093 687 1148 741 180

100 769 145 819 est
167 769 254 839 atque
278 761 363 818 etiam
387 760 455 837 opio
475 757 608 818 velocius
630 759 666 818 ad
686 767 823 834 mortem,
846 757 881 817 ab
896 760 960 820 aliis
978 764 1100 835 morior,

99 842 134 903 ab
147 844 210 902 aliis
225 842 304 917 moly
316 842 509 921 appellatum,
526 841 669 901 laudatum
683 860 753 902 vero
769 862 785 904 a
797 842 902 902 Diocle
916 852 944 903 et
952 842 1100 919 Euenore,

99 927 251 986 Timaristo
275 926 390 1003 quidem
410 927 495 986 etiam
516 926 658 1000 carmine,
693 927 765 985 mira
792 924 941 985 oblivione
964 928 1100 986 innocen-

98 1012 173 1084 tiae,
205 1011 313 1088 quippe
337 1018 576 1088 praesentaneum
599 1009 756 1068 remedium
779 1010 815 1069 ad
836 1009 962 1069 dentium
987 1010 1101 1070 mobilis

63 1109 88 1150 ro
99 1094 271 1168 firmandos,
299 1094 323 1152 si
350 1093 553 1153 conluerentur
581 1091 750 1152 halicacabo
776 1095 805 1151 in
830 1094 908 1152 vino.
950 1096 1101 1172 exceptio·

96 1194 161 1236 nem
183 1177 337 1253 addidere,
359 1194 396 1235 ns
419 1177 522 1237 diutius
538 1175 566 1234 id
586 1175 686 1252 lieret,
710 1176 909 1236 delirationem
929 1178 1002 1236 enim
1021 1178 1102 1254 gigni

97 1279 143 1320 eo
185 1260 407 1320 demonstranda
430 1260 558 1319 remedia
583 1275 703 1335 quorum
727 1259 870 1318 medicina
893 1261 1009 1320 maioris
1035 1261 1101 1320 mali

96 1343 257 1422 periculum
267 1343 387 1403 adierat.
408 1341 624 1402 commendatur
639 1357 712 1418 ergo
727 1343 757 1399 in
769 1341 840 1400 cibis
852 1345 966 1402 tertium
976 1362 1078 1420 genus.
1093 1353 1142 1406 181

97 1427 167 1487 licet
183 1434 278 1485 autem
296 1418 480 1523 praeieralur
501 1424 657 1484 hortensiis
674 1424 837 1502 saporibus.
868 1435 897 1483 et
919 1426 958 1485 nil
978 1428 1016 1485 sit
1037 1444 1101 1485 cor-

62 1533 88 1574 ιι
99 1511 178 1588 poris
194 1509 334 1568 malorum
350 1508 395 1567 cui
411 1526 469 1568 non
484 1508 617 1567 salutaris
633 1508 771 1583 trychnos
786 1505 970 1567 Xenocrates
988 1510 1101 1587 praedi·

97 1601 155 1668 cet,
170 1609 227 1650 non
241 1601 336 1651 tamen
348 1592 454 1652 auxilia
467 1609 566 1651 eorum
580 1593 650 1651 tanti
668 1599 732 1650 sunt
744 1601 774 1650 ut
789 1592 857 1651 ideo
870 1591 984 1651 laesura
996 1609 1049 1651 nos
1066 1592 1101 1651 de

96 1678 132 1736 iis
144 1693 371 1735 commemorare
382 1677 426 1735 ias
438 1685 546 1753 putem,
555 1675 728 1752 praesertim
740 1674 772 1734 ιἰι
785 1683 861 1734 tanta
874 1677 958 1752 copia
971 1677 1101 1736 innoxio·

96 1778 157 1819 rum
171 1760 398 1819 medicaminum.
428 1757 596 1819 Halicacabi
611 1758 740 1818 radicem
754 1758 854 1817 bibunt
870 1759 918 1836 qui
932 1760 1080 1818 vaticinari
1093 1768 1147 1822 181

97 1844 296 1923 callentesque
314 1861 384 1902 vere
406 1843 441 1903 ad
463 1841 672 1902 confirmandas
693 1843 915 1919 superstitiones
933 1842 1045 1920 adspici
1068 1861 1101 1901 se

61 1927 205 1987 sovolunt.
221 1927 349 1987 remedio
368 1936 430 2004 est,
445 1961 487 1972 -
504 1926 532 1986 id
549 1927 623 1985 enirn
636 1925 771 1985 libentius
790 1925 937 1984 retulerim
952 1961 1009 2002 —,
1027 1944 1101 2005 aqua

97 2013 218 2089 eopiosa
234 2012 326 2071 mulsa
341 2011 435 2071 calida
451 2019 531 2087 potu.
547 2028 602 2069 nec
620 2009 691 2069 illud
705 2008 890 2088 praeteribo,
907 2009 1037 2088 aspidum
1053 2027 1102 2068 na·

48 2162 50 2168 ,
96 2104 177 2153 turae
192 2093 389 2153 halicacabum
403 2091 432 2151 11ι
449 2102 555 2152 tantum
572 2093 725 2152 adversam
739 2100 769 2151 ut
786 2092 886 2152 radice
903 2095 965 2153 eius
981 2094 1101 2170 propius

98 2175 212 2236 admota
227 2185 383 2252 soporetur
399 2175 449 2235 illa
469 2193 577 2254 sopore
594 2192 721 2234 enecans
736 2176 780 2233 vis
802 2192 910 2234 earum.
940 2193 1012 2251 ergo
1036 2178 1101 2235 trita

100 2278 138 2319 ex
155 2259 224 2318 oleo
240 2259 388 2335 percussis
404 2257 565 2318 auxiliatur.

61 2347 88 2389 ²⁶
160 2341 208 2405 32.
232 2341 338 2422 (106.)
362 2339 542 2401 (lorchorum
556 2340 746 2401 Alexandrini
761 2339 818 2399 cibi
840 2339 931 2399 herba
948 2348 993 2399 est
1016 2350 1149 2405 con-183

96 2427 203 2487 volutis
234 2426 312 2486 foliis
340 2426 376 2486 ad
405 2426 618 2486 similitudinem
646 2424 735 2499 mori,
769 2421 967 2501 praecordiis,
994 2422 1102 2498 ierunt,

95 2511 173 2570 utilis
189 2509 391 2607 alopeciisque
406 2517 436 2569 et
451 2510 591 2607 lentigini.
618 2508 705 2566 houm
721 2524 839 2585 quoque
856 2504 985 2565 scabiem
1007 2505 1101 2566 celer-

95 2595 166 2652 rime
188 2594 284 2652 sanari
306 2611 341 2653 ea
363 2594 496 2668 invenio,
518 2590 595 2670 apud
616 2590 789 2652 Nicandrum
804 2588 920 2667 quidem
937 2598 967 2648 et
980 2607 1102 2668 serpen·

96 2677 165 2735 tium
179 2693 292 2735 morsus
299 2685 477 2753 ,antequam
492 2675 588 2735 lloret.

61 2758 87 2801 ³⁰
161 2760 266 2839 (107.)
287 2757 352 2819 Nec
368 2760 404 2819 de
420 2776 512 2819 cneco
529 2760 592 2817 sive
607 2755 779 2832 atractylide
794 2727 948 2816 verbosius
964 2757 1020 2816 dici
1034 2775 1085 2834 par
1095 2766 1148 2820 184

96 2852 176 2902 esset
183 2842 357 2920 ,Aegyptia
373 2843 483 2918 herba,
505 2843 533 2901 ni
548 2858 680 2918 maguum
697 2848 798 2899 contra
813 2848 956 2900 venenata
970 2840 1103 2900 animalia

95 2925 253 3006 praeberet
264 2927 414 3002 auxilium,
431 2927 499 2986 item
511 2925 652 2985 adversus
663 2923 778 3000 fungos
792 2931 905 2983 constat
917 2941 932 2982 a
925 2925 1104 3008 scorpione

95 3026 272 3089 percussos,
290 3009 424 3088 quamdiu
441 3018 559 3070 teneant
574 3026 638 3068 eam
652 3007 788 3082 herbam,
813 3021 871 3065 non
886 2996 994 3066 sentire
1010 3008 1102 3066 cruci·

96 3105 182 3155 atutn.

58 3188 85 3228 ³⁵
162 3178 211 3239 33.
235 3177 341 3274 (108.)
362 3175 399 3236 Et
416 3175 577 3272 pesolutam
592 3172 771 3252 Aegyptus
762 3171 896 3232 rnhortis
913 3173 1001 3248 serit,
1017 3188 1102 3232 coro·

95 3281 192 3322 narum
209 3261 311 3339 gratia.
344 3261 400 3320 duo
413 3276 522 3336 genera
538 3259 616 3317 eius:
632 3258 737 3316 femina
752 3273 787 3316 ao
800 3273 860 3315 mas
867 3265 1019 3333 ,utraque
1035 3253 1102 3314 sub·

97 3344 155 3404 dita
167 3362 306 3406 venerem
320 3343 461 3417 inhiberi,
477 3343 603 3401 virorum
619 3359 767 3416 maxume,
785 3339 908 3399 tradunt.

156 3427 207 3488 34.
231 3429 335 3506 (109.)
360 3427 398 3487 Et
414 3427 547 3503 quoniam
564 3427 592 3485 in
605 3425 746 3484 mensuris
763 3440 880 3502 quoque
896 3440 932 3483 ac
946 3421 1146 3502 ponderi-185
