2422 3840
133 183 195 243 274
503 194 532 240 c.
551 194 648 240 eninr
665 193 816 242 sccunnr

134 367 185 409 ces
207 366 270 407 cum
291 364 425 407 rosaceo.
460 349 605 426 inponitur
628 355 658 406 et
678 346 820 425 podagris
841 364 904 406 cum
928 345 1050 424 caprino
1073 346 1151 407 sebo

134 450 262 509 ceraque
280 429 398 508 Cypria.

90 525 125 578 43
188 514 273 592 (20.)
297 513 459 574 Perdicium
470 515 534 574 sive
545 514 736 592 parthenium,
748 548 791 558 —
802 533 865 588 uam
879 512 1006 574 sideritis
1020 512 1077 572 alia
1091 523 1151 588 est,

132 597 336 656 -abnostris
348 596 440 657 herba
453 598 615 658 urceolaris
627 605 758 672 vocatur,
772 599 809 658 ab
822 598 887 658 aliis
900 607 1057 671 astercum,
1072 596 1150 656 folio

131 681 232 740 similis
247 681 353 756 ocimo,
369 681 479 757 nigrior
490 690 608 756 tautum,
624 697 749 739 nascens
763 682 791 740 in
804 681 909 759 tegulis
922 679 1173 759 parietinisques

130 765 263 823 medetur
277 781 341 822 cum
356 765 430 824 mica
451 765 521 824 salis
542 766 608 824 trita
622 764 724 822 iisdem
743 765 873 824 omuibus
896 761 1000 842 quibus
1018 763 1148 839 lamium,

133 856 163 908 et
178 847 281 907 eodem
296 849 395 923 modo,
411 849 479 908 item
493 849 624 907 vomicae
642 846 767 908 calfacto
782 866 854 908 suco
870 856 955 925 pota,
971 847 1026 904 sed
1044 856 1150 905 contra

130 930 225 1006 volsa,
242 940 325 1008 rupta
340 932 497 1010 lapsusque
514 940 543 990 et
557 931 738 1010 praecipitia,
753 941 783 991 ut
796 930 995 990 vehiculorum
1012 931 1149 990 eversio·

87 1024 200 1090 lanes,
226 1015 389 1090 singularis.
421 1015 518 1074 Verua
541 1032 625 1074 carus
644 1013 750 1073 Pericli
766 1014 984 1073 Atheniensium
1004 1013 1148 1090 principi,

132 1115 195 1158 cum
218 1098 243 1156 is
259 1098 287 1156 in
303 1116 371 1157 arce
388 1098 525 1175 templum
540 1096 709 1163 aedificaret
724 1101 926 1177 repsissetque
943 1110 1035 1173 super
1050 1096 1180 1156 altitu-ro

131 1182 225 1240 dinem
249 1181 346 1256 fastigi
369 1189 398 1239 et
421 1181 487 1240 inde
511 1181 684 1255 cecidisset,
707 1180 762 1240 hac
785 1180 875 1241 herba
898 1181 1002 1240 dicitur
1026 1189 1149 1239 sanatus

130 1271 288 1323 monstrata
303 1263 408 1323 Pericli
424 1266 535 1324 somnio
552 1282 567 1324 a
582 1263 727 1340 Minerva,
743 1282 834 1343 quare
847 1264 1028 1343 parthenium
1044 1263 1148 1323 vocari

130 1355 236 1425 coepta
254 1356 299 1406 est
317 1348 542 1427 adsignaturque
557 1351 584 1408 ei
600 1348 683 1408 deae.
715 1349 762 1408 hic
783 1358 829 1408 est
843 1348 964 1408 vernula
983 1348 1066 1406 cuius
1082 1346 1147 1406 eili-

129 1432 194 1508 gies
209 1449 246 1490 ex
263 1449 331 1491 aere
349 1431 412 1491 lusa
429 1440 519 1491 estet
535 1431 641 1491 nobilis
657 1432 708 1491 ille
724 1433 964 1510 splanchnoptes.

88 1515 127 1574 45
202 1513 250 1576 18.
274 1515 358 1593 (21.)
382 1512 626 1576 chamaeleonem
647 1516 735 1593 ali-qui
758 1517 843 1575 ixiam
866 1523 983 1575 vocant.
1015 1512 1073 1572 duo
1093 1526 1180 1590 ge·1⁵

129 1616 199 1658 uera
222 1599 299 1658 eius:
329 1598 477 1659 candidior
500 1601 651 1678 asperiora
673 1599 761 1658 habet
783 1600 872 1675 lolia,
900 1598 991 1675 serpit
1012 1597 1040 1655 in
1064 1604 1149 1656 terra

131 1682 230 1742 echini.
254 1683 340 1741 modo
373 1684 471 1759 spinas
498 1685 632 1761 erigens,
664 1681 763 1743 radice
796 1683 891 1758 dulci,
923 1683 1017 1741 odore
1049 1681 1147 1756 gravi.

129 1763 299 1844 quibusdam
320 1767 348 1824 iu
375 1765 449 1826 locis
472 1768 582 1826 viscum
603 1767 696 1843 gignit
720 1766 815 1825 album
837 1766 889 1825 sub
914 1765 967 1824 alis
993 1763 1148 1840 foliorum,

130 1867 262 1910 maxume
284 1850 362 1909 circa
386 1851 464 1908 cauis
485 1859 592 1926 ortum,
618 1868 676 1928 quo
699 1849 785 1908 modo
809 1858 872 1909 tura
894 1848 975 1908 nasci
998 1847 1146 1924 dicuutur,

128 1931 204 1991 unde
217 1940 246 1990 et
260 1932 316 1991 ixia
332 1933 507 2009 appellatur.
531 1933 586 1994 bac
599 1932 739 1992 mastiche
752 1940 868 1992 utuntur
878 1932 1027 1991 mulieres.
1052 1948 1147 2008 quare
1155 1943 1180 1983 ²⁰

130 2023 159 2073 et
174 2015 362 2074 chamaeleon
374 2026 513 2092 vocetur,
528 2019 668 2077 varietate
680 2017 817 2076 foliorum
830 2017 936 2076 evenit.
965 2021 1056 2073 mutat
1068 2015 1148 2074 enim

130 2114 194 2156 cum
215 2105 293 2155 terra
315 2098 450 2175 colores,
471 2100 520 2160 hic
540 2103 640 2179 niger,
665 2101 727 2160 illic
749 2100 865 2175 viridis,
890 2097 978 2159 aliubi
1001 2114 1147 2174 cyaneus,

86 2188 121 2242 46
129 2179 217 2239 aliubi
235 2197 361 2241 croceus
376 2192 463 2261 atque
484 2186 548 2245 aliis
565 2185 723 2246 coloribus.
756 2183 802 2243 lix
817 2183 861 2244 his
881 2181 1019 2242 candidus
1036 2181 1148 2256 hydro·

129 2265 213 2342 picos
229 2275 311 2326 sauat
327 2282 399 2325 suco
418 2269 523 2328 radicis
540 2269 693 2329 decoctae.
724 2267 831 2327 bibitur
846 2267 981 2327 drachma
997 2266 1025 2323 iu
1040 2282 1146 2343 passo.

128 2348 212 2426 pellit
227 2358 256 2408 et
277 2351 492 2411 interaneorum
512 2353 643 2413 animalia
664 2351 808 2412 acetabuli
824 2368 958 2410 mensura
980 2351 1044 2408 suci
1067 2350 1180 2410 eius-ar

129 2431 194 2491 dem
214 2432 243 2490 iu
260 2435 327 2492 vino
349 2443 467 2494 austero
490 2453 552 2494 cum
569 2436 682 2513 origani
699 2435 809 2513 scopis.
847 2435 917 2494 iacit
934 2432 970 2493 ad
986 2431 1147 2494 difficulta-

128 2522 186 2574 tem
201 2518 310 2576 uriuae.
346 2517 394 2577 hic
416 2536 503 2578 sucus
525 2521 634 2579 occidit
655 2529 684 2580 et
705 2535 792 2578 canes
813 2536 943 2596 suesque
965 2517 993 2574 in
1010 2516 1146 2594 polenta.

128 2597 224 2656 addita
240 2616 314 2675 aqua
330 2610 360 2659 et
374 2602 442 2661 oleo
460 2605 603 2664 contrahit
616 2606 644 2662 in
659 2621 692 2662 se
707 2604 795 2662 muris
811 2620 847 2661 ac
862 2610 964 2676 necat,
979 2599 1035 2658 uisi
1052 2601 1147 2677 proti·

127 2697 181 2737 nus
205 2697 307 2758 aquam
329 2684 478 2745 sorbeant.
516 2687 644 2746 radicem
664 2689 725 2746 eius
751 2686 840 2765 aliqui
861 2687 1008 2746 concisam
1030 2685 1148 2743 servari

128 2761 227 2823 iubent
242 2764 375 2826 funiculis
392 2769 563 2847 pendentem
575 2766 777 2848 decocuutque
790 2771 818 2828 iu
834 2769 900 2829 cibo
914 2776 1015 2828 contra
1028 2766 1146 2827 iluctio·
1156 2785 1180 2826 so

85 2853 120 2908 47
131 2864 184 2906 ues
199 2866 270 2926 quas
283 2847 387 2909 Graeci
399 2852 620 2912 rheumatismos
632 2862 748 2913 vocant.
776 2872 814 2913 err
829 2854 919 2929 nigris
931 2851 1020 2927 aliqui
1032 2868 1147 2912 marem

128 2929 231 2991 dixere
247 2934 292 2992 cui
306 2933 360 2992 llos
377 2953 539 3013 purpureus
555 2945 635 2995 esset
649 2945 678 2996 et
689 2936 823 2996 feminam
839 2937 884 2996 cui
895 2935 1060 2994 violaceus.
1089 2952 1146 2994 una

129 3025 285 3075 nascuntur
297 3017 380 3078 caule
391 3019 518 3095 cubitali,
532 3021 723 3080 crassitudine
736 3019 856 3097 digitali.
875 3017 1033 3080 Radicibus
1043 3035 1146 3079 earum

129 3097 260 3158 lichenes
282 3111 416 3172 curantur
437 3120 501 3161 cum
522 3104 640 3182 sulpure
659 3113 688 3163 et
704 3103 842 3163 bitumine
859 3121 914 3163 uua
937 3102 1047 3177 coctis,
1072 3120 1145 3164 con·

128 3182 305 3243 manducatis
319 3204 391 3245 vero
414 3187 515 3247 dentes
532 3187 655 3247 mobiles
672 3197 719 3248 aut
738 3189 767 3247 iu
790 3196 875 3247 aceto
889 3187 1033 3246 decoctis.
1068 3204 1144 3248 succ
1155 3204 1181 3247 so

129 3264 257 3327 scabiem
273 3270 357 3328 etiam
373 3270 577 3348 quadripedum
593 3281 704 3332 sanant.
735 3281 766 3331 et
779 3271 889 3330 ricinos
906 3287 1006 3329 cauum
1022 3283 1145 3350 necant,

127 3349 268 3437 iuvencos
281 3370 398 3431 qnoque
410 3355 532 3430 anginae
541 3356 638 3431 modo,
655 3373 744 3434 quare
757 3373 773 3415 a
787 3354 957 3433 quibusdam
969 3354 1147 3432 ulophonon

123 3445 247 3497 vocatur
269 3445 300 3499 et
315 3438 482 3516 cynozolon
502 3449 623 3519 propter
643 3441 813 3517 gravitatem
839 3438 947 3498 odoris.
982 3436 1096 3499 Ferunt
1115 3448 1146 3500 et
