2422 3840
171 221 230 283 194
493 230 523 276 c.
540 230 635 276 rurur
651 229 801 277 sucorum

169 388 197 445 ιἰι
217 385 283 444 vino
302 383 368 444 albo
392 392 506 462 potum,
530 384 598 441 item
621 382 843 461 opisthotonicis
867 393 896 442 et
917 386 1076 443 iocinerum
1095 386 1176 444 vitiis

168 479 197 528 et
221 464 388 526 torminibus
412 475 442 526 et
469 465 648 542 stranguriae
675 467 793 526 duarum
820 474 869 525 aut
894 468 977 527 trium
1002 468 1176 545 lingularum

125 561 310 616 aimensura.
343 558 408 610 sunt
430 558 460 609 et
477 549 547 610 lolia
565 549 660 624 utilia,
682 558 714 609 nt
729 567 802 627 quae
819 559 917 628 partus
932 551 1068 610 adiuvent
1085 554 1175 612 etiam

169 633 385 715 quadripedum.
417 633 474 694 hoc
488 650 620 693 maxume
644 634 726 711 pasci
741 633 872 693 dicuntur
888 651 994 693 cervae
1011 636 1174 713 pariturae.

168 719 321 778 inlinuntur
334 727 363 778 et
378 718 438 795 igni
455 734 557 792 sacro,
574 715 749 795 multumque
761 717 790 775 in
801 734 910 776 summo
924 716 988 777 cibo
1002 720 1200 782 concoctio-s

169 802 252 861 nibus
275 802 404 877 confert,
431 801 479 860 vel
503 800 574 860 lolio
596 801 644 859 vel
667 801 785 860 semine.
823 800 1029 880 quadripedum
1051 818 1175 880 qnoque

170 887 265 946 alvom
291 886 365 945 sistit
386 887 448 944 sive
470 885 566 944 tritum
592 884 673 961 potui
695 883 818 943 inlusum
839 885 902 945 sive
925 884 1085 945 mandendo
1102 903 1175 944 con-

168 969 367 1029 manducatam
382 987 398 1027 e
415 968 487 1028 sale.
518 967 605 1027 boum
618 967 726 1026 morbis
744 967 779 1026 sil
794 968 888 1026 tritum
906 969 1071 1029 infunditur.

126 1063 161 1117 38
236 1051 319 1132 (19.)
346 1051 426 1111 Inule
449 1068 566 1130 quoque
587 1068 604 1110 a
623 1051 725 1110 ieiunis
748 1051 974 1113 conmanducata
990 1053 1083 1112 dentis
1103 1071 1174 1113 con-

169 1138 270 1196 firmat.
299 1137 340 1210 si,
359 1143 389 1193 ut
413 1144 492 1195 eruta
510 1144 570 1211 est,
586 1143 692 1194 terram
706 1150 763 1194 non
780 1134 914 1212 attingat,
933 1136 1047 1196 condita
1072 1137 1174 1196 tussim
1186 1157 1210 1197 m

112 1294 115 1300 ι
170 1220 319 1293 emendat,
336 1219 441 1278 radicis
457 1236 529 1278 vero
545 1219 687 1279 decoctae
703 1235 790 1278 sucus
802 1221 913 1279 taenias
926 1220 1026 1299 pellit,
1043 1219 1173 1281 siccatae

169 1313 264 1364 autern
286 1302 431 1362 inumbra
458 1303 549 1362 lerina
577 1304 649 1362 tussi
672 1310 701 1362 et
723 1303 870 1362 convolsis
887 1313 916 1363 et
932 1304 1127 1364 inflationibus
1144 1313 1176 1362 et

170 1387 283 1448 arteriis
303 1387 454 1448 medelum·
473 1396 679 1446 venenatorum
700 1403 813 1446 morsus
835 1387 933 1466 abigit.
964 1387 1035 1448 folia
1051 1405 1089 1446 ex
1103 1387 1173 1445 vino

169 1469 330 1530 lumborum
346 1470 442 1531 dolori
460 1470 623 1530 inlinuntur.
646 1520 655 1535 .

126 1565 161 1620 39
233 1552 315 1636 (20.)
341 1550 441 1632 (lepac
463 1553 614 1613 silvestres
629 1571 686 1613 non
701 1565 774 1615 sunt.
808 1556 917 1614 sativae
935 1554 1043 1614 ollactu
1059 1554 1126 1632 ipso
1146 1563 1176 1613 et
1186 1561 1208 1616 ιι

170 1638 408 1698 delacrimatione
425 1638 540 1714 caligini
556 1637 716 1713 medentur,
733 1639 824 1715 magis
836 1655 908 1698 vcro
922 1640 984 1698 suci
995 1638 1174 1697 inunctione.

170 1738 299 1781 somnum
314 1721 399 1780 etiam
414 1719 513 1779 lacere
529 1720 677 1785 traduntur
690 1730 720 1780 et
735 1722 835 1781 ulcera
850 1722 909 1781 oris
922 1738 1024 1782 sanare
1037 1738 1175 1781 conman-

171 1805 292 1865 ducatae
316 1821 379 1862 cum
401 1820 491 1880 pane,
516 1811 545 1861 et
566 1804 644 1862 canis
659 1820 771 1863 morsus
796 1805 903 1864 virides
919 1822 957 1863 ex
972 1813 1056 1864 aceto
1073 1804 1175 1865 inlitae

170 1885 332 1946 aut'siccae
349 1903 412 1944 cum
427 1885 515 1944 melle
536 1893 564 1944 et
580 1885 665 1963 vino,
690 1886 728 1945 ita
749 1894 779 1946 ut
798 1896 866 1965 post
887 1887 962 1946 diem
982 1888 1097 1946 tertium
1115 1888 1175 1949 sol·

169 1978 279 2028 vantur.
311 1969 355 2026 sic
376 1977 404 2026 et
426 1969 520 2027 attrita
540 1977 649 2028 sanant,
681 1977 794 2029 coctam
810 1972 838 2029 in
858 1970 957 2028 cinere
974 1978 1003 2029 et
1019 1970 1175 2048 epiphoris
1184 1989 1207 2030 ao

169 2051 249 2110 multi
273 2052 429 2128 inposuere
453 2069 516 2111 cum
534 2050 624 2112 iarina
644 2052 809 2114 hordeacea
831 2063 859 2114 et
879 2053 1046 2130 genitalium
1064 2055 1175 2115 ulceri·

127 2134 235 2198 hobus.
267 2153 337 2196 suco
356 2143 385 2195 et
400 2134 554 2196 cicatrices
571 2136 720 2197 oculorum
736 2147 765 2196 et
782 2137 932 2216 albugines
950 2146 979 2197 et
997 2154 1118 2214 argema
1133 2141 1175 2198 in-

169 2237 296 2296 unxere,
320 2229 350 2280 et
373 2222 550 2299 serpentium
571 2238 684 2281 morsus
706 2230 735 2281 et
760 2222 972 2303 omniaulcera
990 2239 1052 2280 cum
1071 2222 1175 2299 melle,

170 2307 239 2367 item
260 2305 451 2365 auricularum
474 2324 537 2365 cum
560 2305 636 2365 lacte
654 2305 820 2382 mulierum,
843 2314 872 2365 et
886 2306 914 2364 in
928 2305 1031 2364 iisdem
1047 2306 1175 2366 sonitum

170 2399 217 2449 aut
232 2390 403 2466 gravitatem
421 2389 606 2449 emendantes
622 2405 685 2448 cum
701 2389 785 2467 adipe
801 2389 935 2448 anserino
948 2396 995 2447 aut
1008 2405 1072 2447 cnm
1082 2389 1174 2450 melle
1185 2407 1208 2447 m

170 2473 329 2532 stillavere.
375 2480 405 2532 ct
428 2491 466 2532 ex
487 2489 561 2551 aqua
585 2469 740 2531 bibendum
763 2471 873 2532 dedere
896 2479 1017 2549 repente
1041 2471 1175 2533 obmute-

127 2555 331 2621 discentibus.
366 2554 517 2616 indolere
542 2571 658 2634 quoque
679 2555 828 2615 addentis
850 2554 1029 2615 conluendos
1051 2557 1175 2617 instilla·

169 2657 240 2698 vere
257 2647 286 2697 et
304 2640 398 2716 plagis
416 2638 572 2699 bestiarum
588 2640 721 2714 omniurn,
738 2639 868 2717 privatim
884 2639 1079 2717 scorpionum.
1111 2641 1175 2700 alo·

170 2722 269 2801 pecias
293 2721 420 2781 iriouere
444 2731 473 2782 et
496 2739 599 2801 psoras
622 2722 712 2781 tunsis
739 2723 830 2800 cepis.
865 2732 964 2783 coctas
987 2721 1175 2797 dysintericis

169 2804 332 2865 vescendas
353 2804 461 2864 dedere
484 2813 512 2864 et
537 2813 637 2865 contra
653 2804 811 2864 lumborum
827 2805 964 2881 dolores,
983 2816 1208 2884 purgamentum

171 2887 286 2968 quoque
314 2906 411 2948 earum
432 2896 558 2948 cremata
578 2888 607 2948 in
629 2888 757 2947 cinerem
771 2889 924 2950 inlinentes
947 2908 984 2948 ex
1006 2897 1091 2948 aceto
1110 2909 1175 2950 ser·

127 2983 161 3035 42
173 2974 299 3052 pontium
319 2972 481 3048 morsibus,
502 2974 641 3051 ipsasque
665 2972 841 3051 multipedae
863 2992 901 3033 ex
923 2982 1016 3033 aceto.
1046 2972 1176 3052 Reliqua

168 3059 244 3116 inter
264 3056 393 3116 medicos
415 3057 484 3116 mira
511 3055 673 3116 diversitas.
708 3058 840 3134 proxumi
855 3056 931 3117 utilis
949 3074 1016 3115 esse
1033 3073 1174 3133 praecor-

169 3140 223 3199 diis
247 3147 276 3199 et
299 3141 499 3214 concoctioni,
518 3139 752 3218 inflationemque
775 3149 804 3200 et
819 3142 893 3200 sitim
911 3141 1010 3200 lacere
1027 3138 1173 3202 dixerunt.

170 3222 354 3301 Asclepiadis
379 3223 482 3283 schola
503 3224 539 3283 ad
561 3224 691 3284 colorem
712 3242 828 3303 qnoque
844 3224 968 3284 validum
987 3223 1090 3299 proirci
1115 3225 1207 3286 hocas

171 3309 237 3370 cibo
255 3317 299 3384 et,
321 3309 346 3367 si
363 3308 449 3367 ieiuni
466 3308 572 3368 cotidie
589 3309 693 3385 edant,
711 3309 871 3368 firmitatem
885 3306 1056 3367 valetudinis
1073 3319 1174 3368 custo-

124 3402 160 3454 43
171 3393 241 3470 diri,
270 3392 419 3452 stomacho
439 3391 516 3451 utilis
537 3410 622 3466 esse,
640 3393 757 3470 spiritus
773 3391 929 3468 agitatione
951 3398 1082 3449 ventrem
1098 3393 1174 3453 mol·

151 3475 224 3552 lire,
243 3475 491 3540 haemorrhoidas
509 3475 625 3560 pellere
640 3475 766 3536 subditas
784 3491 835 3553 pro
851 3473 973 3549 balanis,
989 3491 1089 3533 sucum
1108 3495 1173 3537 cum
