<?xml version="1.0" encoding="UTF-8"?>
<!DOCTYPE html PUBLIC "-//W3C//DTD XHTML 1.0 Transitional//EN"
    "http://www.w3.org/TR/xhtml1/DTD/xhtml1-transitional.dtd">
<html xmlns="http://www.w3.org/1999/xhtml" xml:lang="en" lang="en">
 <head>
  <title>
</title>
<meta http-equiv="Content-Type" content="text/html;charset=utf-8" />
  <meta name='ocr-system' content='tesseract 3.04.00' />
  <meta name='ocr-capabilities' content='ocr_page ocr_carea ocr_par ocr_line ocrx_word'/>
</head>
<body>
  <div class='ocr_page' id='page_1' title='image "./cplinisecundina04plingoog_0214.png"; bbox 0 0 2422 3840; ppageno 0'>
   <div class='ocr_carea' id='block_1_1' title="bbox 243 194 1105 274">
    <p class='ocr_par' dir='ltr' id='par_1_1' title="bbox 243 194 1105 274">
     <span class='ocr_line' id='line_1_1' title="bbox 243 194 1105 274; baseline 0.002 -20"><span class='ocrx_word' id='word_1_1' title='bbox 243 207 544 255; x_wconf 63' lang='lat' dir='ltr'><strong>ornumornum.</strong></span> <span class='ocrx_word' id='word_1_2' title='bbox 561 204 605 256; x_wconf 82' lang='lat'><strong>35.</strong></span> <span class='ocrx_word' id='word_1_3' title='bbox 622 195 699 274; x_wconf 82' lang='lat'>(84.)</span> <span class='ocrx_word' id='word_1_4' title='bbox 714 209 878 256; x_wconf 79' lang='lat' dir='ltr'><strong>-xvmn</strong></span> <span class='ocrx_word' id='word_1_5' title='bbox 896 194 955 273; x_wconf 90' lang='lat'>(1.)</span> <span class='ocrx_word' id='word_1_6' title='bbox 1044 195 1105 256; x_wconf 83' lang='lat'><strong>155</strong></span> 
     </span>
    </p>
   </div>
   <div class='ocr_carea' id='block_1_2' title="bbox 58 354 1181 1279">
    <p class='ocr_par' dir='ltr' id='par_1_2' title="bbox 95 354 1150 690">
     <span class='ocr_line' id='line_1_2' title="bbox 160 354 1150 441; baseline -0.002 -17"><span class='ocrx_word' id='word_1_7' title='bbox 160 361 243 441; x_wconf 87' lang='grc'>(88.)</span> <span class='ocrx_word' id='word_1_8' title='bbox 262 359 326 420; x_wconf 85' lang='grc'><strong>800</strong></span> <span class='ocrx_word' id='word_1_9' title='bbox 342 354 442 420; x_wconf 79' lang='lat' dir='ltr'><strong>mirum</strong></span> <span class='ocrx_word' id='word_1_10' title='bbox 456 361 605 441; x_wconf 89' lang='lat' dir='ltr'><strong>aquaticas</strong></span> <span class='ocrx_word' id='word_1_11' title='bbox 620 371 669 421; x_wconf 91' lang='lat' dir='ltr'><strong>aut</strong></span> <span class='ocrx_word' id='word_1_12' title='bbox 689 364 717 421; x_wconf 91' lang='lat' dir='ltr'><strong>in</strong></span> <span class='ocrx_word' id='word_1_13' title='bbox 735 371 824 422; x_wconf 91' lang='lat' dir='ltr'><strong>totum</strong></span> <span class='ocrx_word' id='word_1_14' title='bbox 846 363 984 422; x_wconf 84' lang='lat' dir='ltr'><strong>uolucres</strong></span> <span class='ocrx_word' id='word_1_15' title='bbox 1005 368 1150 441; x_wconf 76' lang='lat' dir='ltr'><strong>prae-364</strong></span> 
     </span>
     <span class='ocr_line' id='line_1_3' title="bbox 95 445 1106 523; baseline 0.001 -18"><span class='ocrx_word' id='word_1_16' title='bbox 95 449 177 523; x_wconf 79' lang='lat' dir='ltr'><strong>saqia</strong></span> <span class='ocrx_word' id='word_1_17' title='bbox 199 447 275 505; x_wconf 87' lang='lat' dir='ltr'><strong>aeris</strong></span> <span class='ocrx_word' id='word_1_18' title='bbox 298 447 423 519; x_wconf 88' lang='lat' dir='ltr'><strong>sentire,</strong></span> <span class='ocrx_word' id='word_1_19' title='bbox 454 461 566 522; x_wconf 89' lang='lat' dir='ltr'><strong>pecora</strong></span> <span class='ocrx_word' id='word_1_20' title='bbox 586 445 760 507; x_wconf 86' lang='lat' dir='ltr'><strong>exsultantia</strong></span> <span class='ocrx_word' id='word_1_21' title='bbox 780 455 809 505; x_wconf 91' lang='grc'><strong>01</strong></span> <span class='ocrx_word' id='word_1_22' title='bbox 829 445 968 506; x_wconf 92' lang='lat' dir='ltr'><strong>indecora</strong></span> <span class='ocrx_word' id='word_1_23' title='bbox 986 445 1106 506; x_wconf 89' lang='lat' dir='ltr'><strong>lascivia</strong></span> 
     </span>
     <span class='ocr_line' id='line_1_4' title="bbox 96 527 1105 606; baseline -0.001 -17"><span class='ocrx_word' id='word_1_24' title='bbox 96 530 221 590; x_wconf 87' lang='lat' dir='ltr'><strong>ludentia</strong></span> <span class='ocrx_word' id='word_1_25' title='bbox 237 527 354 589; x_wconf 85' lang='lat' dir='ltr'><strong>easdem</strong></span> <span class='ocrx_word' id='word_1_26' title='bbox 370 528 599 606; x_wconf 74' lang='lat' dir='ltr'><strong>significationes</strong></span> <span class='ocrx_word' id='word_1_27' title='bbox 613 528 739 606; x_wconf 86' lang='lat' dir='ltr'><strong>babent,</strong></span> <span class='ocrx_word' id='word_1_28' title='bbox 760 539 789 589; x_wconf 90' lang='lat' dir='ltr'><strong>et</strong></span> <span class='ocrx_word' id='word_1_29' title='bbox 801 528 893 590; x_wconf 85' lang='lat' dir='ltr'><strong>boves</strong></span> <span class='ocrx_word' id='word_1_30' title='bbox 907 527 1019 590; x_wconf 90' lang='lat' dir='ltr'><strong>caelum</strong></span> <span class='ocrx_word' id='word_1_31' title='bbox 1032 527 1105 589; x_wconf 90' lang='lat' dir='ltr'><strong>olfa-</strong></span> 
     </span>
     <span class='ocr_line' id='line_1_5' title="bbox 97 612 1106 690; baseline -0.001 -17"><span class='ocrx_word' id='word_1_32' title='bbox 97 621 209 673; x_wconf 90' lang='lat' dir='ltr'><strong>ctantes</strong></span> <span class='ocrx_word' id='word_1_33' title='bbox 224 629 315 690; x_wconf 90' lang='lat' dir='ltr'><strong>seque</strong></span> <span class='ocrx_word' id='word_1_34' title='bbox 331 612 495 672; x_wconf 79' lang='lat' dir='ltr'><strong>lambentes</strong></span> <span class='ocrx_word' id='word_1_35' title='bbox 514 620 615 672; x_wconf 91' lang='lat' dir='ltr'><strong>contra</strong></span> <span class='ocrx_word' id='word_1_36' title='bbox 632 613 738 690; x_wconf 84' lang='lat' dir='ltr'><strong>pilum,</strong></span> <span class='ocrx_word' id='word_1_37' title='bbox 757 621 916 690; x_wconf 79' lang='lat' dir='ltr'>turpesque</span> <span class='ocrx_word' id='word_1_38' title='bbox 934 613 1018 690; x_wconf 91' lang='lat' dir='ltr'><strong>porci</strong></span> <span class='ocrx_word' id='word_1_39' title='bbox 1034 612 1106 672; x_wconf 93' lang='lat' dir='ltr'><strong>alie·</strong></span> 
     </span>
    </p>

    <p class='ocr_par' dir='ltr' id='par_1_3' title="bbox 66 695 1181 943">
     <span class='ocr_line' id='line_1_6' title="bbox 66 695 1105 774; baseline -0.002 -18"><span class='ocrx_word' id='word_1_40' title='bbox 66 717 81 757; x_wconf 79' lang='grc'><strong>0</strong></span> <span class='ocrx_word' id='word_1_41' title='bbox 95 714 149 756; x_wconf 88' lang='grc'><strong>000</strong></span> <span class='ocrx_word' id='word_1_42' title='bbox 165 696 219 756; x_wconf 86' lang='lat' dir='ltr'><strong>sibi</strong></span> <span class='ocrx_word' id='word_1_43' title='bbox 235 695 396 773; x_wconf 88' lang='lat' dir='ltr'><strong>manipulos</strong></span> <span class='ocrx_word' id='word_1_44' title='bbox 417 695 477 755; x_wconf 87' lang='lat' dir='ltr'><strong>feni</strong></span> <span class='ocrx_word' id='word_1_45' title='bbox 494 696 672 772; x_wconf 82' lang='lat' dir='ltr'>lacerantes,</span> <span class='ocrx_word' id='word_1_46' title='bbox 691 697 882 774; x_wconf 79' lang='lat' dir='ltr'>segniterque</span> <span class='ocrx_word' id='word_1_47' title='bbox 897 703 927 755; x_wconf 88' lang='grc'><strong>01</strong></span> <span class='ocrx_word' id='word_1_48' title='bbox 945 705 1046 757; x_wconf 89' lang='lat' dir='ltr'><strong>contra</strong></span> <span class='ocrx_word' id='word_1_49' title='bbox 1064 697 1105 755; x_wconf 93' lang='lat' dir='ltr'><strong>in·</strong></span> 
     </span>
     <span class='ocr_line' id='line_1_7' title="bbox 94 779 1105 856; baseline -0.002 -16"><span class='ocrx_word' id='word_1_50' title='bbox 94 780 232 840; x_wconf 89' lang='lat' dir='ltr'><strong>dustriam</strong></span> <span class='ocrx_word' id='word_1_51' title='bbox 247 797 327 839; x_wconf 82' lang='lat' dir='ltr'><strong>suam</strong></span> <span class='ocrx_word' id='word_1_52' title='bbox 343 796 415 856; x_wconf 90' lang='lat' dir='ltr'><strong>apes</strong></span> <span class='ocrx_word' id='word_1_53' title='bbox 433 779 583 855; x_wconf 83' lang='lat' dir='ltr'><strong>conditae,</strong></span> <span class='ocrx_word' id='word_1_54' title='bbox 597 779 738 841; x_wconf 77' lang='lat' dir='ltr'><strong>formicae</strong></span> <span class='ocrx_word' id='word_1_55' title='bbox 752 788 962 839; x_wconf 76' lang='lat' dir='ltr'><strong>concursantes</strong></span> <span class='ocrx_word' id='word_1_56' title='bbox 980 788 1029 838; x_wconf 89' lang='lat' dir='ltr'><strong>aut</strong></span> <span class='ocrx_word' id='word_1_57' title='bbox 1049 797 1105 840; x_wconf 91' lang='lat' dir='ltr'><strong>ova</strong></span> 
     </span>
     <span class='ocr_line' id='line_1_8' title="bbox 92 864 1181 943; baseline -0.005 -20"><span class='ocrx_word' id='word_1_58' title='bbox 92 873 300 943; x_wconf 78' lang='lat' dir='ltr'><strong>progereutes‚</strong></span> <span class='ocrx_word' id='word_1_59' title='bbox 318 865 385 920; x_wconf 92' lang='lat' dir='ltr'><strong>item</strong></span> <span class='ocrx_word' id='word_1_60' title='bbox 400 881 516 923; x_wconf 80' lang='lat' dir='ltr'><strong>vermes</strong></span> <span class='ocrx_word' id='word_1_61' title='bbox 534 864 644 924; x_wconf 91' lang='lat' dir='ltr'><strong>terreni</strong></span> <span class='ocrx_word' id='word_1_62' title='bbox 662 873 858 942; x_wconf 87' lang='lat' dir='ltr'><strong>erumpentes.</strong></span> <span class='ocrx_word' id='word_1_63' title='bbox 1179 913 1181 918; x_wconf 90' lang='lat'><em>.</em></span> 
     </span>
    </p>

    <p class='ocr_par' dir='ltr' id='par_1_4' title="bbox 92 945 1149 1110">
     <span class='ocr_line' id='line_1_9' title="bbox 155 945 1149 1026; baseline 0.001 -17"><span class='ocrx_word' id='word_1_64' title='bbox 155 947 240 1026; x_wconf 83' lang='lat'>(89.)</span> <span class='ocrx_word' id='word_1_65' title='bbox 263 945 413 1006; x_wconf 80' lang='lat' dir='ltr'>Trifolium</span> <span class='ocrx_word' id='word_1_66' title='bbox 427 964 545 1025; x_wconf 93' lang='lat' dir='ltr'><strong>quoque</strong></span> <span class='ocrx_word' id='word_1_67' title='bbox 557 947 764 1008; x_wconf 81' lang='lat' dir='ltr'><strong>inhorrescere</strong></span> <span class='ocrx_word' id='word_1_68' title='bbox 779 957 808 1006; x_wconf 86' lang='grc'><strong>01</strong></span> <span class='ocrx_word' id='word_1_69' title='bbox 823 947 893 1008; x_wconf 89' lang='lat' dir='ltr'><strong>folia</strong></span> <span class='ocrx_word' id='word_1_70' title='bbox 906 954 1008 1007; x_wconf 91' lang='lat' dir='ltr'><strong>contra</strong></span> <span class='ocrx_word' id='word_1_71' title='bbox 1018 953 1149 1009; x_wconf 75' lang='lat' dir='ltr'><strong>tem-ooo</strong></span> 
     </span>
     <span class='ocr_line' id='line_1_10' title="bbox 92 1021 1106 1110; baseline -0.002 -19"><span class='ocrx_word' id='word_1_72' title='bbox 92 1040 236 1110; x_wconf 91' lang='lat' dir='ltr'><strong>pestatem</strong></span> <span class='ocrx_word' id='word_1_73' title='bbox 258 1029 412 1106; x_wconf 76' lang='lat' dir='ltr'><strong>subrigere</strong></span> <span class='ocrx_word' id='word_1_74' title='bbox 432 1040 543 1090; x_wconf 90' lang='lat' dir='ltr'><strong>certum</strong></span> <span class='ocrx_word' id='word_1_75' title='bbox 563 1041 618 1091; x_wconf 89' lang='lat' dir='ltr'><strong>est.</strong></span> <span class='ocrx_word' id='word_1_76' title='bbox 665 1032 750 1110; x_wconf 84' lang='lat'>(90.)</span> <span class='ocrx_word' id='word_1_77' title='bbox 776 1049 832 1092; x_wconf 88' lang='grc'><strong>000</strong></span> <span class='ocrx_word' id='word_1_78' title='bbox 851 1021 952 1091; x_wconf 88' lang='lat' dir='ltr'><strong>non‘iu</strong></span> <span class='ocrx_word' id='word_1_79' title='bbox 965 1029 1106 1089; x_wconf 85' lang='lat' dir='ltr'><strong>conviviis</strong></span> 
     </span>
    </p>

    <p class='ocr_par' dir='ltr' id='par_1_5' title="bbox 58 1112 1106 1279">
     <span class='ocr_line' id='line_1_11' title="bbox 58 1112 1106 1194; baseline -0.002 -20"><span class='ocrx_word' id='word_1_80' title='bbox 58 1133 84 1175; x_wconf 82' lang='lat' dir='ltr'><strong>ro</strong></span> <span class='ocrx_word' id='word_1_81' title='bbox 93 1117 259 1193; x_wconf 90' lang='lat' dir='ltr'><strong>mensisque</strong></span> <span class='ocrx_word' id='word_1_82' title='bbox 277 1116 384 1173; x_wconf 91' lang='lat' dir='ltr'><strong>nostris</strong></span> <span class='ocrx_word' id='word_1_83' title='bbox 404 1131 474 1174; x_wconf 85' lang='lat' dir='ltr'><strong>vasa</strong></span> <span class='ocrx_word' id='word_1_84' title='bbox 499 1113 603 1194; x_wconf 88' lang='lat' dir='ltr'><strong>quibus</strong></span> <span class='ocrx_word' id='word_1_85' title='bbox 626 1116 807 1175; x_wconf 86' lang='lat' dir='ltr'><strong>esculentum</strong></span> <span class='ocrx_word' id='word_1_86' title='bbox 829 1115 943 1176; x_wconf 76' lang='lat' dir='ltr'><strong>additur</strong></span> <span class='ocrx_word' id='word_1_87' title='bbox 971 1112 1106 1173; x_wconf 87' lang='lat' dir='ltr'><strong>sudorem</strong></span> 
     </span>
     <span class='ocr_line' id='line_1_12' title="bbox 93 1198 1016 1279; baseline -0.001 -21"><span class='ocrx_word' id='word_1_88' title='bbox 93 1200 275 1279; x_wconf 84' lang='lat' dir='ltr'><strong>repositoriis</strong></span> <span class='ocrx_word' id='word_1_89' title='bbox 293 1198 487 1276; x_wconf 84' lang='lat' dir='ltr'><strong>relinquentia</strong></span> <span class='ocrx_word' id='word_1_90' title='bbox 503 1198 581 1259; x_wconf 89' lang='lat' dir='ltr'><strong>diras</strong></span> <span class='ocrx_word' id='word_1_91' title='bbox 599 1207 791 1278; x_wconf 88' lang='lat' dir='ltr'><strong>tempestates</strong></span> <span class='ocrx_word' id='word_1_92' title='bbox 806 1199 1016 1277; x_wconf 80' lang='lat' dir='ltr'><strong>praenuntiant.</strong></span> 
     </span>
    </p>
   </div>
   <div class='ocr_carea' id='block_1_3' title="bbox 463 1506 752 1516">
    <p class='ocr_par' dir='ltr' id='par_1_6' title="bbox 463 1506 752 1516">
     <span class='ocr_line' id='line_1_13' title="bbox 463 1506 752 1516; baseline 0.014 -4"><span class='ocrx_word' id='word_1_93' title='bbox 463 1506 752 1516; x_wconf 68' lang='lat'>——-.-—.--—.-.</span> 
     </span>
    </p>
   </div>
   <div class='ocr_carea' id='block_1_4' title="bbox 356 1780 833 1917">
    <p class='ocr_par' dir='ltr' id='par_1_7' title="bbox 356 1780 833 1917">
     <span class='ocr_line' id='line_1_14' title="bbox 356 1780 833 1917; baseline -0.002 -1"><span class='ocrx_word' id='word_1_94' title='bbox 356 1833 391 1916; x_wconf 88' lang='grc'><strong>0.</strong></span> <span class='ocrx_word' id='word_1_95' title='bbox 411 1780 570 1917; x_wconf 84' lang='grc' dir='ltr'><strong>Ι0000</strong></span> <span class='ocrx_word' id='word_1_96' title='bbox 599 1832 833 1917; x_wconf 85' lang='lat' dir='ltr'><strong>suuuuor</strong></span> 
     </span>
    </p>
   </div>
   <div class='ocr_carea' id='block_1_5' title="bbox 223 2003 1016 2245">
    <p class='ocr_par' dir='ltr' id='par_1_8' title="bbox 223 2003 1016 2245">
     <span class='ocr_line' id='line_1_15' title="bbox 223 2003 1016 2098; baseline -0.001 -1"><span class='ocrx_word' id='word_1_97' title='bbox 223 2003 597 2098; x_wconf 87' lang='grc'>888888118</span> <span class='ocrx_word' id='word_1_98' title='bbox 637 2003 1016 2098; x_wconf 88' lang='grc'>818888188</span> 
     </span>
     <span class='ocr_line' id='line_1_16' title="bbox 409 2181 784 2245; baseline 0.003 -1"><span class='ocrx_word' id='word_1_99' title='bbox 409 2181 784 2245; x_wconf 75' lang='lat' dir='ltr'><strong>unumunurm.</strong></span> 
     </span>
    </p>
   </div>
   <div class='ocr_carea' id='block_1_6' title="bbox 52 2450 1159 3537">
    <p class='ocr_par' dir='ltr' id='par_1_9' title="bbox 88 2450 1136 2782">
     <span class='ocr_line' id='line_1_17' title="bbox 153 2450 1136 2532; baseline 0.007 -23"><span class='ocrx_word' id='word_1_100' title='bbox 153 2450 310 2529; x_wconf 83' lang='lat' dir='ltr'><strong>(Secti.)</strong></span> <span class='ocrx_word' id='word_1_101' title='bbox 342 2451 473 2513; x_wconf 88' lang='lat' dir='ltr'><strong>Siderum</strong></span> <span class='ocrx_word' id='word_1_102' title='bbox 488 2470 604 2532; x_wconf 91' lang='lat' dir='ltr'><strong>quoque</strong></span> <span class='ocrx_word' id='word_1_103' title='bbox 620 2461 880 2531; x_wconf 83' lang='lat' dir='ltr'><strong>tempestatumque</strong></span> <span class='ocrx_word' id='word_1_104' title='bbox 897 2453 971 2511; x_wconf 91' lang='lat' dir='ltr'><strong>ratio</strong></span> <span class='ocrx_word' id='word_1_105' title='bbox 992 2452 1040 2511; x_wconf 90' lang='lat' dir='ltr'><strong>vel</strong></span> <span class='ocrx_word' id='word_1_106' title='bbox 1061 2453 1102 2511; x_wconf 92' lang='lat' dir='ltr'><strong>in·</strong></span> <span class='ocrx_word' id='word_1_107' title='bbox 1121 2465 1136 2516; x_wconf 93' lang='lat'>1</span> 
     </span>
     <span class='ocr_line' id='line_1_18' title="bbox 89 2534 1103 2614; baseline 0.001 -21"><span class='ocrx_word' id='word_1_108' title='bbox 89 2535 192 2613; x_wconf 89' lang='lat' dir='ltr'><strong>peritis</strong></span> <span class='ocrx_word' id='word_1_109' title='bbox 204 2534 283 2593; x_wconf 88' lang='lat' dir='ltr'><strong>facili</strong></span> <span class='ocrx_word' id='word_1_110' title='bbox 301 2543 387 2613; x_wconf 89' lang='lat' dir='ltr'><strong>atque</strong></span> <span class='ocrx_word' id='word_1_111' title='bbox 404 2536 564 2597; x_wconf 88' lang='lat' dir='ltr'><strong>indubitato</strong></span> <span class='ocrx_word' id='word_1_112' title='bbox 581 2537 668 2596; x_wconf 91' lang='lat' dir='ltr'><strong>modo</strong></span> <span class='ocrx_word' id='word_1_113' title='bbox 685 2535 880 2596; x_wconf 88' lang='lat' dir='ltr'><strong>demonstrata</strong></span> <span class='ocrx_word' id='word_1_114' title='bbox 893 2545 954 2611; x_wconf 88' lang='lat' dir='ltr'><strong>est,</strong></span> <span class='ocrx_word' id='word_1_115' title='bbox 973 2553 1103 2614; x_wconf 80' lang='lat' dir='ltr'><strong>vereque</strong></span> 
     </span>
     <span class='ocr_line' id='line_1_19' title="bbox 88 2616 1105 2699; baseline 0.003 -23"><span class='ocrx_word' id='word_1_116' title='bbox 88 2616 326 2692; x_wconf 84' lang='lat' dir='ltr'><strong>intellegentibus</strong></span> <span class='ocrx_word' id='word_1_117' title='bbox 336 2635 393 2677; x_wconf 89' lang='lat' dir='ltr'><strong>non</strong></span> <span class='ocrx_word' id='word_1_118' title='bbox 404 2622 496 2679; x_wconf 92' lang='lat' dir='ltr'><strong>minus</strong></span> <span class='ocrx_word' id='word_1_119' title='bbox 510 2620 662 2679; x_wconf 88' lang='lat' dir='ltr'><strong>conferunt</strong></span> <span class='ocrx_word' id='word_1_120' title='bbox 677 2638 743 2681; x_wconf 90' lang='lat' dir='ltr'><strong>rura</strong></span> <span class='ocrx_word' id='word_1_121' title='bbox 759 2618 1004 2699; x_wconf 83' lang='lat' dir='ltr'><strong>deprehendendo</strong></span> <span class='ocrx_word' id='word_1_122' title='bbox 1021 2620 1105 2679; x_wconf 87' lang='lat' dir='ltr'><strong>caelo</strong></span> 
     </span>
     <span class='ocr_line' id='line_1_20' title="bbox 90 2698 1103 2782; baseline 0.004 -24"><span class='ocrx_word' id='word_1_123' title='bbox 90 2717 174 2778; x_wconf 89' lang='lat' dir='ltr'><strong>quam</strong></span> <span class='ocrx_word' id='word_1_124' title='bbox 190 2698 324 2759; x_wconf 89' lang='lat' dir='ltr'><strong>sideralis</strong></span> <span class='ocrx_word' id='word_1_125' title='bbox 344 2704 467 2764; x_wconf 89' lang='lat' dir='ltr'><strong>scientia</strong></span> <span class='ocrx_word' id='word_1_126' title='bbox 484 2721 557 2780; x_wconf 78' lang='lat' dir='ltr'><strong>agro</strong></span> <span class='ocrx_word' id='word_1_127' title='bbox 579 2703 714 2763; x_wconf 89' lang='lat' dir='ltr'><strong>colendo.</strong></span> <span class='ocrx_word' id='word_1_128' title='bbox 747 2721 918 2782; x_wconf 87' lang='lat' dir='ltr'><strong>proxumam</strong></span> <span class='ocrx_word' id='word_1_129' title='bbox 937 2702 1017 2762; x_wconf 92' lang='lat' dir='ltr'><strong>multi</strong></span> <span class='ocrx_word' id='word_1_130' title='bbox 1037 2703 1103 2763; x_wconf 92' lang='lat' dir='ltr'><strong>bor·</strong></span> 
     </span>
    </p>

    <p class='ocr_par' dir='ltr' id='par_1_10' title="bbox 52 2784 1137 3201">
     <span class='ocr_line' id='line_1_21' title="bbox 52 2784 1137 2866; baseline 0.006 -24"><span class='ocrx_word' id='word_1_131' title='bbox 52 2800 79 2842; x_wconf 88' lang='lat' dir='ltr'><strong>ao</strong></span> <span class='ocrx_word' id='word_1_132' title='bbox 91 2792 183 2842; x_wconf 87' lang='lat' dir='ltr'><strong>torum</strong></span> <span class='ocrx_word' id='word_1_133' title='bbox 200 2801 295 2843; x_wconf 90' lang='lat' dir='ltr'><strong>curam</strong></span> <span class='ocrx_word' id='word_1_134' title='bbox 311 2784 422 2846; x_wconf 88' lang='lat' dir='ltr'><strong>fecere.</strong></span> <span class='ocrx_word' id='word_1_135' title='bbox 453 2787 539 2847; x_wconf 90' lang='lat' dir='ltr'><strong>nobis</strong></span> <span class='ocrx_word' id='word_1_136' title='bbox 553 2805 610 2847; x_wconf 91' lang='lat' dir='ltr'><strong>non</strong></span> <span class='ocrx_word' id='word_1_137' title='bbox 629 2789 759 2866; x_wconf 88' lang='lat' dir='ltr'><strong>protinus</strong></span> <span class='ocrx_word' id='word_1_138' title='bbox 774 2789 898 2847; x_wconf 87' lang='lat' dir='ltr'><strong>transire</strong></span> <span class='ocrx_word' id='word_1_139' title='bbox 913 2786 949 2847; x_wconf 91' lang='lat' dir='ltr'><strong>ad</strong></span> <span class='ocrx_word' id='word_1_140' title='bbox 964 2789 1020 2846; x_wconf 90' lang='grc'>1010</span> <span class='ocrx_word' id='word_1_141' title='bbox 1036 2796 1104 2846; x_wconf 92' lang='lat' dir='ltr'><strong>tem·</strong></span> <span class='ocrx_word' id='word_1_142' title='bbox 1120 2798 1137 2849; x_wconf 76' lang='lat'><strong>2</strong></span> 
     </span>
     <span class='ocr_line' id='line_1_22' title="bbox 89 2866 1105 2950; baseline 0.003 -24"><span class='ocrx_word' id='word_1_143' title='bbox 89 2870 233 2946; x_wconf 84' lang='lat' dir='ltr'><strong>pestivom</strong></span> <span class='ocrx_word' id='word_1_144' title='bbox 247 2866 376 2946; x_wconf 91' lang='lat' dir='ltr'><strong>videtur,</strong></span> <span class='ocrx_word' id='word_1_145' title='bbox 392 2873 582 2949; x_wconf 89' lang='lat' dir='ltr'><strong>miramurque</strong></span> <span class='ocrx_word' id='word_1_146' title='bbox 607 2890 682 2950; x_wconf 88' lang='lat' dir='ltr'><strong>quos</strong></span> <span class='ocrx_word' id='word_1_147' title='bbox 703 2873 842 2931; x_wconf 90' lang='lat' dir='ltr'><strong>scientiae</strong></span> <span class='ocrx_word' id='word_1_148' title='bbox 863 2873 985 2948; x_wconf 82' lang='lat' dir='ltr'><strong>gratiam</strong></span> <span class='ocrx_word' id='word_1_149' title='bbox 1012 2869 1105 2929; x_wconf 91' lang='lat' dir='ltr'><strong>erudi·</strong></span> 
     </span>
     <span class='ocr_line' id='line_1_23' title="bbox 88 2950 1105 3034; baseline 0.002 -23"><span class='ocrx_word' id='word_1_150' title='bbox 88 2953 214 3011; x_wconf 86' lang='lat' dir='ltr'><strong>tionisve</strong></span> <span class='ocrx_word' id='word_1_151' title='bbox 229 2950 354 3027; x_wconf 83' lang='lat' dir='ltr'><strong>gloriam</strong></span> <span class='ocrx_word' id='word_1_152' title='bbox 371 2972 407 3013; x_wconf 87' lang='lat' dir='ltr'><strong>ex</strong></span> <span class='ocrx_word' id='word_1_153' title='bbox 421 2954 467 3015; x_wconf 90' lang='lat' dir='ltr'><strong>bis</strong></span> <span class='ocrx_word' id='word_1_154' title='bbox 483 2956 608 3034; x_wconf 89' lang='lat' dir='ltr'><strong>petentis</strong></span> <span class='ocrx_word' id='word_1_155' title='bbox 629 2964 685 3016; x_wconf 91' lang='lat' dir='ltr'><strong>tam</strong></span> <span class='ocrx_word' id='word_1_156' title='bbox 709 2955 796 3015; x_wconf 89' lang='lat' dir='ltr'><strong>multa</strong></span> <span class='ocrx_word' id='word_1_157' title='bbox 817 2955 1007 3034; x_wconf 89' lang='lat' dir='ltr'><strong>praeteriisse</strong></span> <span class='ocrx_word' id='word_1_158' title='bbox 1029 2953 1105 3013; x_wconf 94' lang='lat' dir='ltr'><strong>nulla</strong></span> 
     </span>
     <span class='ocr_line' id='line_1_24' title="bbox 88 3033 1104 3117; baseline 0.004 -22"><span class='ocrx_word' id='word_1_159' title='bbox 88 3036 233 3095; x_wconf 90' lang='lat' dir='ltr'><strong>mentione</strong></span> <span class='ocrx_word' id='word_1_160' title='bbox 248 3033 344 3095; x_wconf 91' lang='lat' dir='ltr'><strong>habita</strong></span> <span class='ocrx_word' id='word_1_161' title='bbox 360 3045 403 3097; x_wconf 93' lang='lat' dir='ltr'><strong>tot</strong></span> <span class='ocrx_word' id='word_1_162' title='bbox 417 3055 512 3097; x_wconf 90' lang='lat' dir='ltr'><strong>rerum</strong></span> <span class='ocrx_word' id='word_1_163' title='bbox 524 3049 629 3116; x_wconf 86' lang='lat' dir='ltr'><strong>sponte</strong></span> <span class='ocrx_word' id='word_1_164' title='bbox 643 3057 750 3099; x_wconf 83' lang='lat' dir='ltr'><strong>curave</strong></span> <span class='ocrx_word' id='word_1_165' title='bbox 761 3039 1002 3117; x_wconf 87' lang='lat' dir='ltr'><strong>provenientium,</strong></span> <span class='ocrx_word' id='word_1_166' title='bbox 1019 3057 1104 3116; x_wconf 91' lang='lat' dir='ltr'><strong>prae·</strong></span> 
     </span>
     <span class='ocr_line' id='line_1_25' title="bbox 89 3118 1105 3201; baseline 0.005 -24"><span class='ocrx_word' id='word_1_167' title='bbox 89 3122 187 3179; x_wconf 91' lang='lat' dir='ltr'><strong>sertim</strong></span> <span class='ocrx_word' id='word_1_168' title='bbox 205 3137 268 3180; x_wconf 93' lang='lat' dir='ltr'><strong>cum</strong></span> <span class='ocrx_word' id='word_1_169' title='bbox 287 3118 436 3198; x_wconf 89' lang='lat' dir='ltr'><strong>plerisque</strong></span> <span class='ocrx_word' id='word_1_170' title='bbox 450 3138 547 3180; x_wconf 91' lang='lat' dir='ltr'><strong>earum</strong></span> <span class='ocrx_word' id='word_1_171' title='bbox 563 3126 658 3201; x_wconf 89' lang='lat' dir='ltr'><strong>pretio</strong></span> <span class='ocrx_word' id='word_1_172' title='bbox 678 3140 790 3200; x_wconf 90' lang='lat' dir='ltr'><strong>usuque</strong></span> <span class='ocrx_word' id='word_1_173' title='bbox 811 3125 888 3182; x_wconf 86' lang='lat' dir='ltr'><strong>vitae</strong></span> <span class='ocrx_word' id='word_1_174' title='bbox 908 3123 1001 3182; x_wconf 88' lang='lat' dir='ltr'><strong>maior</strong></span> <span class='ocrx_word' id='word_1_175' title='bbox 1021 3125 1105 3182; x_wconf 90' lang='lat' dir='ltr'><strong>etiam</strong></span> 
     </span>
    </p>

    <p class='ocr_par' dir='ltr' id='par_1_11' title="bbox 52 3202 1159 3537">
     <span class='ocr_line' id='line_1_26' title="bbox 52 3202 1106 3284; baseline 0 -20"><span class='ocrx_word' id='word_1_176' title='bbox 52 3223 78 3264; x_wconf 82' lang='grc'><strong>00</strong></span> <span class='ocrx_word' id='word_1_177' title='bbox 90 3221 173 3280; x_wconf 90' lang='lat' dir='ltr'><strong>quam</strong></span> <span class='ocrx_word' id='word_1_178' title='bbox 188 3202 321 3281; x_wconf 82' lang='lat' dir='ltr'><strong>frugibus</strong></span> <span class='ocrx_word' id='word_1_179' title='bbox 337 3202 524 3282; x_wconf 88' lang='lat' dir='ltr'><strong>perhibeatur</strong></span> <span class='ocrx_word' id='word_1_180' title='bbox 542 3209 711 3265; x_wconf 86' lang='lat' dir='ltr'><strong>auotoritas.</strong></span> <span class='ocrx_word' id='word_1_181' title='bbox 742 3215 847 3284; x_wconf 86' lang='lat' dir='ltr'><strong>atque,</strong></span> <span class='ocrx_word' id='word_1_182' title='bbox 871 3215 902 3266; x_wconf 90' lang='lat' dir='ltr'><strong>ut</strong></span> <span class='ocrx_word' id='word_1_183' title='bbox 922 3224 938 3265; x_wconf 93' lang='lat' dir='ltr'><strong>a</strong></span> <span class='ocrx_word' id='word_1_184' title='bbox 961 3206 1106 3265; x_wconf 87' lang='lat' dir='ltr'><strong>confessis</strong></span> 
     </span>
     <span class='ocr_line' id='line_1_27' title="bbox 88 3286 1106 3366; baseline 0.002 -22"><span class='ocrx_word' id='word_1_185' title='bbox 88 3286 233 3347; x_wconf 91' lang='lat' dir='ltr'><strong>ordiamur</strong></span> <span class='ocrx_word' id='word_1_186' title='bbox 247 3286 418 3348; x_wconf 88' lang='lat' dir='ltr'><strong>utilitatibus</strong></span> <span class='ocrx_word' id='word_1_187' title='bbox 433 3305 565 3366; x_wconf 88' lang='lat' dir='ltr'><strong>quaeque</strong></span> <span class='ocrx_word' id='word_1_188' title='bbox 581 3307 638 3349; x_wconf 92' lang='lat' dir='ltr'><strong>non</strong></span> <span class='ocrx_word' id='word_1_189' title='bbox 660 3289 753 3348; x_wconf 91' lang='lat' dir='ltr'><strong>solum</strong></span> <span class='ocrx_word' id='word_1_190' title='bbox 776 3299 871 3350; x_wconf 88' lang='lat' dir='ltr'><strong>terras</strong></span> <span class='ocrx_word' id='word_1_191' title='bbox 894 3292 985 3351; x_wconf 89' lang='lat' dir='ltr'><strong>omnis</strong></span> <span class='ocrx_word' id='word_1_192' title='bbox 1006 3306 1106 3347; x_wconf 84' lang='lat' dir='ltr'><strong>verum</strong></span> 
     </span>
     <span class='ocr_line' id='line_1_28' title="bbox 89 3369 1105 3452; baseline 0.003 -26"><span class='ocrx_word' id='word_1_193' title='bbox 89 3369 172 3429; x_wconf 92' lang='lat' dir='ltr'><strong>etiam</strong></span> <span class='ocrx_word' id='word_1_194' title='bbox 188 3371 278 3432; x_wconf 90' lang='lat' dir='ltr'><strong>maria</strong></span> <span class='ocrx_word' id='word_1_195' title='bbox 297 3370 471 3450; x_wconf 81' lang='lat' dir='ltr'><strong>replevere,</strong></span> <span class='ocrx_word' id='word_1_196' title='bbox 493 3373 598 3432; x_wconf 93' lang='lat' dir='ltr'><strong>seritur</strong></span> <span class='ocrx_word' id='word_1_197' title='bbox 616 3392 650 3433; x_wconf 92' lang='lat' dir='ltr'><strong>ac</strong></span> <span class='ocrx_word' id='word_1_198' title='bbox 665 3372 723 3432; x_wconf 90' lang='lat' dir='ltr'><strong>dici</strong></span> <span class='ocrx_word' id='word_1_199' title='bbox 738 3391 833 3452; x_wconf 92' lang='lat' dir='ltr'><strong>neque</strong></span> <span class='ocrx_word' id='word_1_200' title='bbox 850 3375 924 3433; x_wconf 87' lang='lat' dir='ltr'><strong>inter</strong></span> <span class='ocrx_word' id='word_1_201' title='bbox 939 3372 1039 3447; x_wconf 83' lang='lat' dir='ltr'><strong>fruges</strong></span> <span class='ocrx_word' id='word_1_202' title='bbox 1055 3389 1105 3430; x_wconf 91' lang='grc'><strong>00-</strong></span> 
     </span>
     <span class='ocr_line' id='line_1_29' title="bbox 88 3454 1159 3537; baseline -0.007 -27"><span class='ocrx_word' id='word_1_203' title='bbox 88 3469 146 3528; x_wconf 91' lang='lat' dir='ltr'><strong>que</strong></span> <span class='ocrx_word' id='word_1_204' title='bbox 172 3455 246 3514; x_wconf 87' lang='lat' dir='ltr'><strong>iuter</strong></span> <span class='ocrx_word' id='word_1_205' title='bbox 268 3454 415 3537; x_wconf 85' lang='lat' dir='ltr'><strong>hortensia</strong></span> <span class='ocrx_word' id='word_1_206' title='bbox 438 3464 537 3535; x_wconf 91' lang='lat' dir='ltr'><strong>potest</strong></span> <span class='ocrx_word' id='word_1_207' title='bbox 561 3457 657 3516; x_wconf 92' lang='lat' dir='ltr'><strong>linum.</strong></span> <span class='ocrx_word' id='word_1_208' title='bbox 696 3456 757 3516; x_wconf 88' lang='lat' dir='ltr'><strong>Sed</strong></span> <span class='ocrx_word' id='word_1_209' title='bbox 776 3459 810 3517; x_wconf 91' lang='grc'><strong>10</strong></span> <span class='ocrx_word' id='word_1_210' title='bbox 825 3473 965 3535; x_wconf 72' lang='lat' dir='ltr'><strong>quianon</strong></span> <span class='ocrx_word' id='word_1_211' title='bbox 976 3461 1159 3509; x_wconf 46' lang='lat' dir='ltr'><strong>coemere</strong></span> 
     </span>
    </p>
   </div>
   <div class='ocr_carea' id='block_1_7' title="bbox 0 0 1226 3840">
    <p class='ocr_par' dir='ltr' id='par_1_12' title="bbox 0 0 1226 3840">
     <span class='ocr_line' id='line_1_30' title="bbox 0 0 1226 3840; baseline 0 0"><span class='ocrx_word' id='word_1_212' title='bbox 0 0 1226 3840; x_wconf 95' lang='lat' dir='ltr'><strong> </strong></span> 
     </span>
    </p>
   </div>
  </div>
 </body>
</html>
