2422 3840
278 221 359 269 naa.
380 221 472 270 rursu.
492 221 591 271 xvrrr.
616 217 737 271 11-12.
762 205 912 295 (as-ao.)
1042 211 1100 272 113

96 358 255 458 appellant.
285 375 408 436 nondum
434 374 541 434 hahent
563 376 718 437 candorem
733 393 815 435 suum
834 392 892 453 quo
907 377 1100 454 praecellunt,

95 463 151 523 iam
174 470 270 521 tamen
296 459 511 519 Alexandrinae
539 460 749 536 praeferuntur.
797 468 901 538 postea
929 492 971 507 -
1000 462 1101 520 mirum

95 544 173 605 dictu
188 576 230 588 —
247 544 420 606 admiscetur
436 551 518 602 creta
534 560 608 620 quae
625 544 727 612 transit
741 543 770 602 in
788 561 895 622 corpus
913 545 1101 622 coloremque

97 637 127 688 et
143 629 324 688 teneritatem
338 626 443 687 adfert.
470 628 612 686 invenitur
627 628 702 687 haec
718 627 793 685 inter
808 627 948 688 Puteolos
965 637 993 687 et
1008 627 1144 692 Nea-114

68 713 183 791 cpolim
199 714 227 771 in
245 712 322 771 colle
339 711 515 787 Leucogaeo
531 711 699 790 appellato,
725 719 879 787 exstatque
903 710 959 770 divi
977 712 1101 789 Augusti

94 795 243 858 decretum
261 812 318 873 quo
336 811 427 856 annua
442 795 546 854 vicena
557 795 634 853 milia
648 793 849 872 Neapolitanis
869 812 922 873 pro
946 811 982 853 eo
1004 813 1101 854 nume·

92 881 152 941 rari
166 880 252 939 iussit
268 897 285 937 c
302 879 373 937 fisco
388 895 451 958 suo,
467 879 611 938 coloniam
620 878 768 938 deducens
782 876 920 958 Capuam,
937 879 1101 957 adiecitque

94 980 211 1024 causam
227 961 391 1040 adserendi,
406 963 540 1039 quoniam
552 970 712 1039 negassent
724 960 863 1041 Campani
879 963 982 1023 alicam
998 962 1101 1022 conlici

93 1048 157 1106 siue
173 1062 210 1105 eo
221 1046 339 1106 metallo
352 1063 451 1124 posse.
479 1048 508 1105 in
521 1046 625 1106 eodem
636 1041 784 1126 re'peritur
795 1056 824 1107 et
836 1047 947 1127 sulpur,
966 1049 1101 1108 emicant-

58 1148 152 1210 toque
172 1131 268 1190 fontes
288 1129 388 1190 Araxi
402 1131 554 1191 oculorum
575 1133 699 1192 claritati
721 1141 750 1192 et
771 1132 920 1192 volnerum
941 1133 1102 1192 medicinae

94 1215 276 1292 dentiumque
296 1214 428 1273 firmitati.
468 1215 508 1294 [3]
544 1215 629 1277 Alica
649 1216 809 1276 adulterina
822 1217 853 1276 fit
870 1220 1002 1277 maxume
1024 1217 1145 1293 qui-115

93 1298 158 1358 dem
183 1317 200 1358 e
222 1317 275 1359 rea
295 1316 369 1376 quae
392 1299 421 1356 iu
447 1298 548 1359 Africa
565 1300 735 1376 degenerat.
775 1300 979 1360 latioreseius
1002 1302 1102 1378 spicae

92 1383 297 1460 nigrioresque
313 1390 343 1440 et
357 1380 440 1441 brevi
455 1382 570 1461 stipula.
601 1386 697 1460 pisunt
714 1402 778 1443 cum
793 1383 901 1444 harena
917 1393 947 1443 et
967 1384 1010 1442 sic
1031 1399 1100 1460 quo-

93 1483 151 1544 qne
168 1465 324 1526 difficulter
335 1465 469 1525 deterunt
479 1466 630 1545 utriculos,
647 1467 737 1544 litque
752 1467 866 1527 dimidia
877 1467 944 1526 nudi
957 1483 1101 1543 mensura,

57 1543 256 1628 asposteaque
270 1548 357 1627 gypsi
374 1565 443 1626 pars
463 1556 565 1625 quarta
585 1550 761 1627 inspargitur
776 1559 887 1628 atque,
909 1557 940 1608 ut
962 1548 1102 1626 cohaesit,

94 1632 230 1692 farinario
247 1631 344 1691 cribro
359 1629 545 1691 subcernunt.
579 1650 653 1710 quae
675 1634 703 1691 in
727 1649 763 1692 eo
780 1634 916 1692 remansit
937 1633 1103 1710 excepticia

55 1727 58 1733 '
95 1716 259 1795 appellatur
271 1724 301 1774 ct
310 1716 501 1793 grandissima
516 1725 569 1776 est.
600 1735 699 1776 rursus
716 1735 790 1794 quae
805 1718 908 1776 transit
919 1718 1027 1776 artiore
1040 1733 1103 1775 cer-

93 1803 169 1859 nitur
185 1808 214 1859 et
229 1800 401 1860 secundaria
416 1809 555 1880 vocatur,
578 1803 646 1860 item
668 1800 806 1861 cribraria
828 1818 902 1878 quae
919 1799 1003 1859 simili
1017 1799 1103 1859 modo

93 1886 123 1945 in
138 1885 223 1944 tertio
239 1885 376 1945 remansit
392 1884 488 1944 cribro
501 1886 705 1963 angustissimo
718 1893 749 1943 et
759 1893 865 1944 tantum
877 1885 1001 1944 harenas
1012 1893 1104 1943 trans-

58 1969 234 2028 sumitteute.
268 1968 334 2029 ntia
349 1969 424 2028 ratio
441 1969 548 2047 ubique
561 1968 750 2030 adulterandi.
778 1987 794 2027 e
807 1971 904 2029 tritico
918 1968 1146 2035 condidisti-116

94 2071 139 2112 ma
156 2061 185 2112 et
201 2053 392 2129 grandissima
408 2053 518 2130 eligunt
533 2071 622 2129 grana
638 2071 673 2113 ac
690 2053 848 2113 semicocta
864 2055 892 2112 in
912 2053 980 2113 ollis
1000 2061 1105 2131 postea

95 2136 256 2196 arefaciunt
278 2136 344 2196 sole
366 2137 402 2195 ad
423 2138 550 2211 initium,
567 2154 725 2214 rursusque
742 2136 847 2196 leviter
863 2137 1003 2216 adspersa
1020 2137 1105 2198 molis

94 2220 238 2296 frangunt.
261 2223 304 2278 lix
321 2237 374 2279 rea
392 2219 539 2297 pulchrius
557 2237 641 2297 quam
653 2239 670 2279 e
682 2221 779 2279 tritico
797 2221 828 2280 lit
839 2238 990 2300 graneam,
1007 2237 1104 2297 quam·

95 2304 140 2361 vis
155 2301 183 2361 id
200 2301 293 2364 alicae
309 2304 407 2362 vitium
423 2304 469 2362 sit.
503 2303 659 2362 candorem
674 2313 769 2363 autem
792 2304 820 2363 ei
842 2323 896 2383 pro
920 2313 1000 2363 creta
1021 2303 1105 2362 lactis

58 2400 85 2440 2⁵
96 2387 203 2446 incocti
218 2387 339 2447 mixtura
356 2387 480 2447 confert.

160 2469 208 2531 12.
227 2470 310 2550 (30.)
328 2473 464 2550 Sequitur
479 2471 653 2549 leguminum
672 2480 790 2551 natura,
811 2473 886 2532 inter
902 2489 977 2549 quae
993 2479 1147 2534 manu-117

95 2574 157 2615 mus
172 2554 265 2613 honos
280 2555 384 2632 labae,
408 2557 517 2633 quippe
542 2574 580 2615 ex
604 2574 660 2634 qua
675 2564 831 2634 temptatus
852 2556 888 2614 sit
910 2556 994 2614 etiam
1012 2556 1104 2633 panis.

96 2640 252 2699 lomentum
267 2638 431 2716 appellatur
446 2640 538 2699 farina
554 2657 599 2715 ea,
616 2639 848 2718 adgravaturque
870 2639 982 2718 pondus
1006 2639 1056 2700 illa
1079 2647 1107 2697 et

96 2721 171 2782 omni
189 2722 344 2798 legumine.
375 2723 431 2782 iam
446 2740 518 2782 vero
543 2733 572 2783 et
595 2723 704 2801 pabulo
726 2725 822 2784 venali
844 2723 929 2784 labae
955 2723 1108 2800 multiplex

60 2821 166 2866 cousus
191 2806 315 2864 omnium
337 2807 545 2886 quadripedum
567 2809 685 2886 generi,
712 2809 872 2887 praecipue
894 2807 1010 2866 homini.
1047 2806 1105 2865 iru-

95 2899 192 2952 mento
209 2890 295 2948 etiam
311 2891 449 2951 miscetur
464 2892 540 2970 apud
557 2892 715 2971 plerasque
734 2894 845 2969 gentis,
864 2901 894 2951 et
908 2907 1040 2950 maxume
1057 2907 1106 2967 pa·

95 2976 161 3036 nico
184 2973 278 3033 solida
302 2991 336 3034 ac
365 2973 517 3035 delicatius
539 2976 642 3036 fracta.
679 2976 746 3053 quin
763 2985 793 3035 et
807 2977 906 3054 prisco
922 2976 978 3033 ritu
994 2972 1150 3039 lahata118

96 3077 166 3120 snae
182 3058 333 3135 religionis
351 3057 395 3117 dis
409 3058 438 3116 in
454 3076 540 3119 sacro
564 3068 627 3135 est,
650 3060 825 3138 praevalens
848 3059 1021 3138 pulmentari
1040 3058 1105 3118 cibo

97 3153 126 3203 et
140 3142 282 3202 hebetare
298 3159 402 3200 sensus
423 3143 599 3221 existimata,
624 3145 763 3203 insomnia
785 3160 902 3221 quoque
925 3143 1043 3218 lacere,
1069 3143 1107 3202 oh

62 3241 87 3283 at
96 3227 170 3286 haec
181 3226 393 3304 Pythagoricae
407 3227 568 3286 sententiae
583 3226 725 3305 damnata,
741 3235 772 3286 ut
784 3228 832 3287 alii
844 3227 1003 3302 tradidere,
1017 3243 1107 3303 quon·

95 3311 152 3370 iam
173 3321 349 3371 mortuomm
370 3310 480 3370 animae
498 3310 555 3369 siut
573 3311 602 3369 in
618 3329 669 3386 ea,
688 3328 744 3388 qua
768 3311 804 3370 de
822 3328 909 3371 causa
928 3310 1107 3389 parentando

97 3395 195 3470 utique
211 3392 378 3455 adsumitur.
406 3395 501 3455 Varro
524 3403 554 3454 et
574 3393 612 3454 ob
635 3395 710 3455 haec
725 3393 868 3454 flaminem
887 3412 921 3454 ea
938 3411 995 3452 uon
1009 3394 1150 3455 vesciuo

96 3476 182 3537 tradit
198 3486 228 3536 et
242 3480 376 3555 quoniam
391 3480 419 3538 in
439 3479 512 3539 dore
532 3480 595 3539 eius
616 3477 733 3539 litterae
753 3477 902 3553 luguhres
916 3477 1132 3549 repensamus.

139 3580 209 3620 nuru.
221 3579 284 3621 nnn.
301 3581 372 3624 msr.
389 3568 436 3624 ΠΙ.
944 3555 973 3612 Q
