2422 3840
304 209 659 260 nar.u1sr.xv111.tt.
675 199 829 276 (st-oo.)
999 196 1055 259 131

58 365 124 428 dein
139 373 259 442 superat
273 363 368 423 noctis
385 363 420 424 ad
440 364 593 424 solstitium
611 364 713 425 diebus
730 378 831 427 xcmt
848 365 928 424 horis
951 365 1059 424 duode-

58 451 129 524 cim,
146 444 181 486 i*
195 465 288 525 usqne
303 448 339 506 ad
355 448 567 526 aequinoctium
582 451 721 525 autumni,
743 459 772 510 et
792 458 850 509 tum
869 457 994 528 aequata
1012 448 1059 507 die

57 530 193 612 procedit
214 549 251 590 ex
275 548 311 590 eo
336 531 372 591 ad
394 531 521 592 brumam
548 531 650 592 diebus
672 546 833 594 nxxxvm
854 531 934 593 horis
956 531 1058 592 tribus.

57 615 155 677 Horae
167 615 280 674 nuncin
293 614 370 674 omni
381 618 553 676 accessione
566 616 812 695 aequinoctiales,
829 632 887 674 non
899 617 1045 676 cuiuscum
1051 626 1104 679 221

36 717 116 778 aque
136 697 210 773 diei,
234 698 446 776 significantur,
467 717 626 778 omnesque
656 717 710 758 eae
736 698 916 759 differentiae
940 700 1009 758 liunt
1033 699 1062 756 in

59 783 171 843 octavis
188 782 316 860 partibus
329 782 486 859 signomm,
502 782 602 843 bruma
615 783 778 862 capricorni
789 800 814 842 a.
830 782 946 842 dvm.
961 781 1061 841 kalen·

59 867 110 927 das
126 865 238 924 lanuar.
254 865 329 941 lere,
347 868 558 944 aequinoctium
573 884 692 926 vernum
705 866 813 940 arietis,
830 865 984 924 solstitium
996 881 1061 923 can·

60 951 112 1026 cri,
129 948 309 1027 alterumque
325 950 537 1028 aequinoctium
549 948 653 1025 librae,
671 950 719 1028 qui
735 957 763 1008 et
782 948 838 1026 ipsi
850 949 913 1008 dies
928 965 993 1007 raro
1006 964 1063 1006 non

58 1034 173 1112 aliquos
187 1040 390 1110 tempestatum
412 1033 589 1111 significatus
609 1031 723 1092 habeut.
757 1050 856 1091 rursus
872 1032 902 1091 hi
914 1031 1105 1092 cardinestat

25 1115 180 1193 rosingnlis
196 1116 347 1175 etiamnum
362 1117 491 1178 articulis
507 1126 670 1195 temporum
692 1115 870 1194 dividuntur,
896 1133 951 1194 per
970 1113 1063 1173 media

59 1217 159 1259 omnes
171 1199 283 1259 dierum
293 1200 397 1278 spatia,
415 1201 548 1280 quoniam
561 1201 635 1260 inter
646 1199 798 1259 solstitium
811 1206 840 1258 et
851 1199 1065 1278 aequinoctium

58 1283 182 1345 autumni
197 1283 332 1343 fidiculae
348 1300 471 1343 occasus
486 1293 647 1344 autumnum
661 1283 777 1342 inchoat
794 1283 842 1342 die
857 1295 968 1358 xcvo,
984 1279 1063 1341 atah

59 1368 243 1445 aequinoctio
260 1384 296 1425 oo
313 1366 349 1426 ad
364 1364 493 1427 brumam
503 1368 690 1443 vergiliarum
699 1367 852 1425 matutinus
865 1381 989 1424 occasus
1002 1366 1063 1425 hie-

32 1480 34 1483 ·
58 1448 556 1525 memdiexnm1.,interbrumam
574 1459 604 1508 et
618 1449 831 1527 aequinoctium
849 1448 895 1508 die
914 1461 995 1508 va.
1014 1447 1063 1507 lla·

25 1544 105 1594 actus
121 1533 219 1592 levoni
231 1549 350 1591 vernum
364 1540 488 1611 tempus,
504 1532 540 1592 alt
553 1532 736 1610 aequinoctio
749 1547 840 1589 verno
852 1531 960 1589 initium
971 1538 1065 1589 aesta-

58 1619 96 1678 tis
112 1615 159 1676 die
174 1628 294 1674 vam.
313 1614 499 1691 vergiliarum
514 1622 617 1675 exortu
635 1615 781 1674 matutino.
808 1629 862 1672 nos
879 1615 1107 1692 incipiemusatd

60 1717 76 1760 a
92 1697 269 1758 sementibus
284 1698 435 1776 frumenti,
457 1699 515 1760 hoc
531 1707 576 1758 est
589 1696 776 1775 vergiliamm
792 1713 898 1757 occasu
915 1698 1063 1756 matutino.

59 1801 115 1843 nec
132 1781 236 1842 deinde
253 1799 407 1861 parvorum
422 1784 549 1843 siderum
564 1784 708 1841 mentione
731 1780 909 1841 concidenda
927 1781 1000 1839 ratio
1021 1786 1066 1838 est

61 1876 90 1928 et
104 1865 259 1926 dillicultas
273 1885 370 1927 rerum
386 1866 528 1945 augenda,
546 1883 610 1924 cum
625 1866 704 1924 sidus
720 1864 877 1924 vehemens
890 1861 1006 1922 Orionis
1017 1863 1065 1921 iis·

24 1967 50 2008 ao
60 1952 125 2012 dem
140 1950 243 2010 diebus
258 1950 347 2029 longo
366 1950 489 2011 decedat
505 1951 610 2028 spatio.

120 2033 205 2112 (60.)
228 2032 410 2094 Sementibus
422 2043 553 2112 tempora
568 2033 702 2111 plerique
713 2039 900 2111 praesumunt
912 2041 941 2091 et
953 2030 988 2091 ab
999 2040 1108 2093 onata

60 2117 172 2179 decimo
189 2116 236 2176 die
254 2116 423 2176 autumnalis
441 2117 606 2194 aequinocti
629 2114 730 2191 lruges
755 2124 871 2191 serunt,
894 2116 1066 2175 adveniente

62 2217 189 2262 coronae
206 2207 327 2274 exortu,
344 2199 485 2257 continuis
506 2197 608 2256 diebus
632 2207 712 2255 certo
735 2214 829 2275 prope
851 2197 981 2257 imbrium
999 2215 1065 2276 pro·

60 2285 161 2358 misso,
176 2279 342 2360 Xenophon
352 2298 410 2340 non
422 2288 574 2359 antequam
586 2278 658 2338 deus
671 2279 782 2355 signum
794 2279 917 2340 dederit.
950 2281 1007 2340 hcc
1020 2279 1065 2338 ct-

27 2380 52 2421 at
64 2382 133 2428 cero
176 2363 349 2426 Novembris
366 2363 457 2424 imbre
473 2363 536 2424 lieri
551 2365 756 2440 interpretatus
774 2372 834 2436 est,
857 2379 921 2421 cum
945 2363 981 2420 sit
997 2380 1067 2422 vera
1150 2395 1154 2402 ·

61 2451 134 2511 ratio
152 2466 210 2509 non
226 2451 306 2529 prius
326 2448 442 2509 serendi
466 2465 550 2527 quam
564 2447 634 2506 lolia
649 2447 802 2525 coeperint
813 2446 961 2505 decidere.
994 2445 1108 2508 hoctit

62 2537 128 2613 ipso
154 2534 341 2611 vergiliarum
367 2548 474 2592 occasu
505 2531 568 2590 lieri
589 2538 688 2609 putant
709 2529 796 2607 aliqui
819 2546 844 2589 a.
869 2529 897 2587 d.
923 2541 974 2588 111.
1003 2528 1066 2588 idns

62 2616 247 2692 Novembris,
260 2625 291 2676 ut
302 2617 435 2692 diximus,
447 2623 622 2692 servantque
635 2612 663 2672 id
675 2614 753 2674 sidus
766 2613 851 2672 etiarn
861 2613 953 2672 vestis
964 2612 1042 2672 insti·
1050 2629 1109 2672 tm

63 2711 162 2776 tores,
178 2709 208 2760 et
223 2708 268 2759 est
281 2700 310 2759 in
325 2699 409 2759 caelo
427 2706 526 2757 notatu
541 2697 718 2773 facillimum,
737 2713 809 2773 ergo
826 2714 863 2755 ex
881 2713 989 2756 occasu
1004 2697 1067 2756 eius

28 2783 100 2844 sodo
118 2782 214 2842 lnieme
229 2791 404 2859 augurantur
418 2779 521 2860 quibus
537 2789 583 2840 est
599 2799 668 2847 cura
689 2780 854 2855 insidiandi,
876 2781 1068 2857 negotiatoris

64 2866 192 2928 avaritia.
222 2866 320 2926 nubilo
333 2883 441 2926 occasu
456 2865 618 2943 pluviosam
633 2864 755 2924 hiemem
771 2866 935 2939 denuntiat,
960 2864 1067 2923 statim·

64 2969 121 3030 que
137 2959 245 3028 augent
260 2950 440 3011 lacernarum
454 2949 564 3027 pretia,
587 2966 694 3008 sereno
714 2965 865 3025 asperam,
891 2955 920 3006 et
942 2946 1067 3026 reliqua-

63 3052 126 3095 rum
145 3034 269 3094 vestium
296 3033 465 3093 accendunt.
507 3032 560 3092 sed
586 3032 637 3091 ille
657 3030 790 3091 indocilis
817 3031 891 3091 caeli
918 3030 1109 3108 ‘agricolatio

63 3119 121 3178 hoc
136 3118 246 3195 signum
261 3115 369 3177 lrabeat
381 3117 456 3174 inter
474 3133 543 3174 suos
558 3109 857 3193 vepris,lnumumque
877 3132 956 3174 suam
972 3115 1067 3192 adspi-

29 3218 55 3260 ac
65 3202 162 3277 ciens,
180 3219 243 3261 cum
261 3200 331 3261 lolia
347 3198 492 3275 decident,
508 3198 613 3258 viderit
627 3198 758 3258 decidua.
786 3200 830 3257 sic
844 3198 986 3257 iudicetur
1003 3199 1068 3256 anni

65 3287 239 3364 temperies,
256 3283 326 3345 alibi
339 3283 466 3357 tardius,
489 3281 557 3342 alibi
571 3283 715 3341 maturius.
746 3283 784 3342 ita
806 3283 880 3340 enim
901 3281 1022 3340 sentitur
1038 3287 1068 3337 ut

65 3368 138 3428 caeli
155 3369 272 3446 locique
288 3368 384 3429 adlicit
401 3375 520 3440 natura,
541 3364 628 3442 idque
651 3366 680 3423 in
699 3363 754 3424 hac
776 3365 887 3423 ratione
903 3362 1069 3441 praecellit,

66 3451 142 3529 qnod
158 3452 260 3512 eadem
277 3461 306 3512 et
320 3453 349 3511 in
364 3449 468 3510 mundo
485 3446 601 3527 publica
617 3457 663 3508 est
678 3456 709 3507 et
721 3445 978 3580 unicunquegpco
990 3455 1089 3510 peca-
