2422 3840
119 186 157 245 tt
470 193 779 242 commanentem

118 350 236 413 candida
255 348 500 429 praecellensque
521 355 576 408 est.
597 349 698 406 mirum
720 349 749 407 in
770 346 825 406 lrac
839 345 947 408 arbore
962 346 1118 407 fructnnra

117 435 196 495 nullo
226 432 387 493 animalium
409 433 527 508 attingi,
559 431 697 490 loliorum
727 431 904 510 corticisque
925 448 1025 491 sucum
1048 448 1118 490 esse

117 519 239 579 dulcem.
271 517 346 575 inter
366 517 506 574 corticem
523 531 559 572 ac
578 515 686 590 lignum
707 523 811 573 tenues
831 514 946 574 tunicae
967 514 1119 592 multiplici

117 600 293 676 membrana,
304 598 433 677 equibus
440 598 555 658 vincula
569 597 808 672 tiliamentum,
821 599 1008 659 tenuissimae
1021 615 1119 659 earum

118 683 249 764 philyrae
272 698 444 743 coronarum
463 683 611 742 lemniscis
634 681 771 740 celebres
791 683 970 759 antiquorum
992 682 1142 747 honores

116 768 252 829 materies
273 766 434 827 teredinem
454 782 513 825 non
527 767 624 840 sentit,
640 766 818 843 proceritate
838 783 979 844 perquam
992 758 1118 843 modica,

116 870 217 912 verum
232 851 321 911 utilis.

74 945 108 999 66
185 936 233 996 15.
258 934 342 1011 (26.)
365 930 445 990 Acer
458 931 588 991 eiusdem
602 933 666 993 lere
688 932 897 1011 amplitudinis,
920 948 1043 1010 operum
1057 929 1118 991 ele·

115 1021 212 1095 gantia
227 1034 262 1076 ac
281 1015 438 1075 subtilitate
453 1016 526 1073 citro
543 1016 710 1076 secundum.
740 1017 824 1095 plura
845 1017 909 1074 eius
928 1016 1054 1093 genera:
1077 1013 1118 1075 al·

115 1101 199 1175 bum,
216 1100 294 1177 quod
306 1099 458 1176 praecipui
475 1098 625 1175 candoris,
647 1109 769 1160 vocatur
784 1099 925 1160 Gallicum
941 1101 969 1158 in
985 1108 1151 1176 transpa·rt

115 1184 188 1243 dana
207 1182 289 1242 ltalia
312 1191 450 1259 transque
472 1179 556 1260 Alpis
577 1201 712 1243 nascens.
746 1184 869 1244 alterum
898 1201 992 1260 genus
1019 1183 1118 1260 crispo

114 1266 290 1326 macularum
306 1265 449 1340 discursu,
467 1267 515 1343 qui
531 1284 594 1326 cum
610 1268 806 1327 excellentior
819 1267 882 1341 init,
901 1284 917 1326 a
932 1264 1118 1325 similitudine

116 1350 225 1411 caudae
248 1366 393 1427 pavonum
409 1367 514 1409 nomen
530 1352 660 1428 accepit,
684 1352 712 1409 in
731 1351 837 1411 Histria
856 1349 1018 1427 Raetiaque
1033 1365 1118 1427 prae·

72 1440 106 1498 67
120 1435 243 1512 cipuum.
274 1451 291 1493 e
306 1433 402 1493 viliori
418 1450 530 1510 genere
552 1435 759 1494 crassivenium
776 1443 908 1494 vocatur.
940 1432 1048 1494 Graem
1062 1433 1119 1491 situ

113 1519 290 1593 discernunt,
300 1524 464 1595 campestre
476 1519 551 1577 enim
560 1519 711 1579 candidum
719 1536 786 1578 esse
794 1536 849 1577 nec
859 1514 1151 1596 crispum—quoto

113 1602 214 1679 glinon
227 1611 393 1676 vocant—,
402 1612 566 1662 montanum
575 1619 646 1662 vero
655 1602 955 1680 crispiusdnriusque,
964 1600 1119 1684 etiamnum
1155 1602 1161 1607 “

114 1686 273 1745 emascnla
296 1686 419 1762 crispius
442 1686 478 1745 ad
492 1685 616 1745 lautiora
632 1702 740 1762 opera,
763 1686 878 1745 tertium
895 1702 987 1761 genus
1003 1685 1118 1760 zygiam

113 1770 280 1842 rubentem,
300 1768 383 1826 lissili
397 1767 489 1843 ligno,
506 1769 617 1827 cortice
633 1769 722 1828 livido
738 1778 767 1828 et
782 1769 898 1828 scabro.
926 1767 984 1826 lroc
999 1766 1050 1826 alii
1066 1784 1117 1843 ge·

113 1853 192 1911 ueris
208 1851 319 1929 proprii
337 1867 405 1909 esse
421 1851 529 1910 malunt
544 1859 573 1909 et
587 1849 686 1911 Latine
702 1854 849 1930 carpinum
865 1850 1025 1930 appellant.

55 1943 105 1998 68
180 1935 229 1994 16.
252 1934 337 2011 (27.)
358 1932 582 1993 Pulcherrimum
599 1952 671 1994 vero
685 1945 729 1995 est
741 1936 887 2011 bruscum,
902 1934 1052 2010 multoque
1064 1947 1151 1993 err-ao

113 2017 268 2076 cellentius
280 2017 433 2075 etiamnum
446 2017 626 2077 molluscum.
651 2019 737 2078 tuber
749 2028 899 2097 utrumque
915 2017 1029 2077 arboris
1038 2017 1116 2092 eius,

112 2099 248 2160 bruscum
275 2099 408 2159 intortius
436 2102 576 2178 crispum,
597 2103 768 2162 molluscum
792 2103 950 2179 simplicius
971 2117 1115 2178 sparsum.

113 2193 143 2242 et
158 2184 183 2242 si
194 2182 416 2260 magnitudinem
431 2202 593 2245 mensarum
612 2195 743 2263 caperet,
758 2185 827 2246 haut
846 2186 932 2245 dubie
947 2182 1115 2262 praeferre·

113 2276 159 2326 tur
175 2267 259 2326 citro.
288 2284 363 2326 nunc
377 2266 450 2328 intra
466 2269 626 2348 pugillares
651 2270 853 2347 lectorumque
878 2268 989 2329 silicios
1011 2276 1060 2327 aut
1075 2266 1116 2326 la·

112 2369 192 2411 mnas
213 2367 280 2409 raro
299 2369 352 2410 usu
373 2362 531 2430 spectatur.
571 2371 587 2411 e
608 2353 715 2412 brusco
739 2354 807 2412 finnt
828 2361 858 2411 et
878 2369 997 2411 mensae
1018 2351 1150 2427 nigre-2⁵

70 2443 104 2498 69
115 2443 243 2494 scentes.
271 2433 427 2511 Reperitur
440 2445 469 2496 et
483 2439 512 2495 in
526 2436 592 2497 alno
608 2435 704 2511 tuber,
722 2437 774 2496 sed
789 2444 868 2496 tanto
885 2434 1015 2495 deterius
1028 2450 1116 2511 quan·

113 2527 171 2577 tum
184 2515 219 2575 ab
236 2535 323 2577 acere
347 2518 429 2578 alnus
450 2521 515 2597 ipsa
529 2519 624 2579 distat.
670 2518 775 2579 Aceris
791 2537 886 2579 mares
902 2519 983 2597 prius
998 2516 1115 2577 florent.

112 2603 265 2660 etiamnum
289 2602 319 2660 in
346 2603 434 2661 siccis
460 2612 545 2663 natae
574 2603 777 2680 praeferuntur
803 2603 962 2682 aquaticis,
989 2601 1065 2660 sicut
1087 2609 1116 2659 et

112 2684 226 2745 fraxini.
270 2682 324 2742 Est
342 2693 422 2744 trans
440 2685 525 2763 Alpis
544 2686 632 2745 arbor
646 2687 789 2746 simillima
807 2687 886 2746 aceri
911 2685 979 2745 albo
995 2684 1116 2744 materia

113 2786 187 2847 quae
201 2776 323 2828 vocatur
339 2767 617 2845 staphylodendron.
651 2770 709 2828 lert
721 2769 840 2847 siliquas
856 2778 885 2829 et
900 2769 976 2828 iniis
990 2767 1148 2827 nuclecsaa

112 2869 220 2930 sapore
234 2851 317 2911 nucis
331 2850 493 2911 abellanae.

70 2943 104 2998 to
178 2935 262 3012 (28.)
282 2933 314 2993 ln
333 2935 433 3013 primis
450 2950 523 2994 vero
546 2935 682 2994 materies
708 2935 849 2997 honorata
869 2935 948 2995 buxo
974 2944 1021 2994 est
1046 2952 1114 2995 raro

112 3019 249 3096 crispanti
262 3035 319 3076 nec
335 3018 389 3077 nisi
404 3018 515 3091 radice,
531 3017 567 3078 de
586 3027 688 3077 cetero
702 3019 776 3079 lenis
799 3021 881 3098 quies
904 3027 950 3079 est
973 3019 1114 3079 materiae

111 3101 226 3161 silentio
241 3099 364 3179 quodam
387 3111 415 3161 et
431 3103 533 3162 duritie
551 3119 587 3162 ac
600 3102 714 3180 pallore
732 3101 979 3178 commendabilis,
1003 3102 1034 3162 in
1048 3103 1114 3180 ipsa

111 3201 182 3245 vero
198 3184 304 3243 arbore
314 3186 438 3260 topiario
451 3203 554 3264 opere.
582 3186 635 3246 tria
648 3188 710 3247 eins
722 3205 846 3264 genera:
864 3184 1018 3261 Gallicum,
1034 3185 1113 3263 quod
1122 3201 1148 3243 ts

110 3271 138 3328 in
153 3277 245 3328 metas
260 3267 395 3328 emittitur
406 3269 592 3348 amplitudine
607 3272 788 3348 proceriore.
817 3270 973 3330 oleastrum
986 3271 1016 3328 in
1033 3268 1112 3328 omni

110 3371 163 3412 usn
179 3352 338 3412 damnatum
354 3371 473 3430 gravem
492 3354 622 3432 praefert
650 3354 780 3414 odorem.
811 3354 926 3413 tertium
946 3370 1039 3430 genas
1057 3367 1110 3411 no-

111 3437 208 3495 stratis
223 3445 338 3513 vocant,
352 3437 498 3514 silvestre,
514 3447 545 3497 nt
560 3438 660 3512 credo,
673 3438 831 3513 mitigatum
847 3445 921 3513 satu,
935 3436 1066 3497 diffusius
1082 3443 1112 3494 et
