2422 3840
117 157 175 219 168
452 170 483 218 c.
500 168 762 218 rnmrsrrcunm

72 325 163 389 tauri
179 325 301 386 humano
316 333 418 384 ventre
435 341 494 384 non
510 333 616 402 queant
630 324 682 385 sed
700 340 758 383 non
781 324 980 386 intumescant.
1012 325 1127 385 semina

116 428 190 488 quae
204 425 344 488 proxuma
357 407 436 468 collo
450 407 564 467 luerunt
576 425 717 486 proceras
728 408 849 486 pariunt,
864 409 932 468 item
939 407 976 468 ab
983 408 1060 486 imis,
1071 408 1128 468 sed

115 511 173 554 non
190 491 389 570 conparandas
408 491 607 569 supradictis,
627 510 700 570 quae
720 493 748 550 in
762 491 857 552 medio
875 490 1032 568 rotundas,
1048 510 1128 572 quae

115 579 143 635 in
159 576 297 636 lateribus
313 593 428 636 crassas
442 575 664 655 brevioresque.
688 576 834 636 siccantur
850 574 988 636 inumbra
1001 584 1044 653 ct,
1060 593 1129 637 cum

73 659 202 722 73libeat
220 678 332 736 serere,
351 661 379 718 in
393 678 467 738 aqua
479 668 669 721 macerantur.
699 658 780 720 Cibis
794 676 852 737 quo
864 660 1018 736 longiores
1033 661 1155 726 tenui-5

116 761 243 823 orasque
259 742 290 781 **
307 753 336 804 et
351 745 505 821 gratiores,
524 753 552 805 et
571 742 610 805 ob
627 744 655 804 id
670 743 848 804 salubriores
870 761 943 822 quae
965 742 1129 822 pendendo

117 846 253 905 crevere,
273 829 483 906 minumumque
502 829 618 888 seminis
639 827 714 887 tales
733 825 856 903 babent,
877 827 979 887 duritia
1002 827 1070 887 eius
1098 829 1129 886 is

117 913 189 972 cibis
206 913 327 990 gratiam
342 913 521 972 terminante·
549 931 600 971 eas
616 928 689 990 quae
702 912 803 971 semini
818 919 970 971 serventur
981 919 1052 970 ante
1064 910 1128 971 bie·

116 1015 190 1056 mem
208 994 337 1074 praecidi
353 1013 410 1055 nou
432 1003 477 1055 est
492 1012 565 1055 mos.
599 1004 703 1074 postea
725 995 804 1054 lumo
827 994 973 1055 siccantur
992 993 1128 1054 conden-

73 1080 159 1145 dldis
174 1079 386 1139 hortensiorum
400 1078 556 1139 seminibus
573 1081 698 1138 rusticae
715 1077 902 1156 supellectili.
939 1076 1063 1138 Inventa
1080 1087 1163 1138 estre

116 1165 189 1223 ratio
203 1179 259 1239 qua
276 1161 348 1221 cibis
363 1180 479 1240 quoque
494 1172 689 1238 servarentur,
707 1161 868 1240 eodemque
880 1160 967 1221 modo
983 1164 1129 1234 cucumis,

117 1264 209 1324 usque
224 1243 261 1305 ad
273 1245 348 1307 alios
366 1263 459 1324 paene
473 1255 642 1326 proventus,
657 1255 685 1305 et
703 1244 731 1305 id
743 1245 856 1323 quidem
870 1246 899 1303 in
910 1246 1001 1304 muria
1012 1245 1058 1321 lrt,
1074 1245 1130 1305 sed

118 1339 147 1390 et
162 1328 269 1389 scrobe
280 1347 374 1408 opaco
391 1332 419 1389 in
431 1329 499 1390 loco
511 1329 618 1390 harena
629 1328 784 1406 substrato,
801 1329 928 1406 fenoque
939 1329 1021 1389 sicco
1037 1346 1128 1408 oper·

117 1414 153 1473 tis
168 1431 203 1474 ac
219 1412 323 1474 deiude
341 1423 428 1489 terra,
447 1414 542 1473 viridis
558 1414 668 1474 servari
684 1411 805 1473 tradunt.
838 1412 908 1472 Sunt
924 1421 953 1471 et
968 1411 1129 1473 silvestres

117 1500 145 1558 in
162 1506 285 1575 utroque
302 1516 413 1575 genere
428 1506 458 1557 ct
474 1496 605 1558 omuibus
620 1498 684 1557 lere
699 1495 865 1557 hortensiis.
899 1494 952 1556 scd
964 1503 994 1555 et
1005 1495 1053 1555 bis
1065 1515 1127 1556 me·
1138 1516 1162 1559 m

74 1581 130 1658 2⁰33
143 1582 206 1641 dica
221 1591 328 1642 tanturn
343 1591 442 1642 natura
456 1590 511 1655 est,
531 1599 614 1660 quam
628 1579 665 1640 ob
680 1597 742 1639 rem
756 1579 924 1640 differentur
936 1580 964 1638 in
977 1597 1028 1640 sua
1044 1580 1127 1640 volu·

115 1683 199 1726 mrua.

74 1758 108 1813 if>
180 1748 265 1827 (25.)
302 1748 423 1826 Reliqua
452 1748 650 1824 cartilaginum
680 1756 798 1808 naturae
834 1756 912 1807 terra
942 1745 1128 1806 occultantur

76 1832 149 1919 'fipgfl
162 1833 265 1892 omnia.
291 1834 318 1890 in
332 1831 434 1909 quibus
446 1830 483 1891 de
498 1833 578 1909 rapis
590 1829 701 1890 abunde
713 1831 822 1891 dixisse
836 1838 1003 1910 poteramus
1018 1829 1127 1907 videri,

118 1917 172 1975 nisi
184 1915 287 1975 medici
300 1913 450 1973 masculini
462 1932 550 1973 sexus
564 1914 696 1974 lacerent
711 1916 740 1973 iu
751 1915 796 1974 his
808 1913 940 1990 rotunda,
956 1913 1063 1973 latiora
1076 1932 1126 1972 ve·
1136 1937 1163 1985 so

117 2017 151 2058 ro
166 2007 195 2057 et
212 2015 341 2057 concava
357 1998 493 2074 feminini,
510 1999 719 2076 praestantiora
735 1999 875 2058 suavitate
890 1996 968 2057 etad
984 1997 1127 2057 condien-

115 2082 182 2141 'dum
198 2081 346 2158 faciliora,
362 2098 436 2159 quae
453 2083 570 2160 saepius
584 2090 646 2142 sata
669 2090 817 2142 transeunt
837 2082 866 2140 in
886 2098 1002 2140 marem.
1037 2080 1133 2140 iidem.

116 2182 255 2244 naporum
267 2169 390 2244 quinque
402 2184 513 2243 genera
524 2166 636 2243 iecere,
654 2164 840 2240 Corinthium,
855 2163 1042 2239 Cleonaeum,
1059 2164 1126 2224 Lio-

73 2249 253 2326 t6tbasium,
276 2249 446 2310 Boeoticum
471 2258 500 2310 et
523 2250 598 2329 quod
620 2268 721 2328 perse
737 2248 827 2308 viride
844 2248 986 2308 dixerunt.
1016 2246 1064 2306 Ex
1079 2248 1127 2307 bis

117 2337 146 2393 in
162 2333 374 2413 amplitudinem
390 2334 532 2395 adulescit
547 2333 739 2408 Corinthium,
761 2331 835 2392 nuda
851 2332 914 2392 iere
935 2330 1043 2391 radice.
1078 2349 1126 2392 so·
1136 2357 1162 2399 πε

118 2419 174 2478 lum
192 2419 266 2478 euim
283 2417 340 2478 hoc
355 2436 449 2493 genus
465 2434 590 2495 superne
606 2416 706 2493 tendit,
722 2433 779 2476 uon
796 2425 824 2474 ut
843 2424 940 2476 cetera
957 2415 984 2472 in
1005 2423 1126 2474 terram.

116 2500 292 2562 Liotbasium
311 2501 422 2578 quidam
438 2499 591 2560 Tbrecium
608 2500 772 2578 appellant,
787 2499 928 2575 frigorum
948 2499 1126 2577 patientissi-

117 2603 201 2644 mum.
233 2583 269 2642 ab
283 2600 320 2643 eo
334 2583 502 2644 Boeoticum
520 2583 607 2643 dulce
621 2593 675 2660 est,
692 2583 864 2643 rotunditate
876 2582 961 2643 etiam
973 2580 1056 2640 brevi
1071 2601 1126 2643 no·

117 2665 223 2742 tabile,
246 2685 340 2744 neque
364 2676 394 2726 ut
424 2666 600 2727 Cleonaeum
620 2667 819 2746 praelongam.
847 2668 875 2724 in
896 2674 985 2726 totum
1007 2666 1126 2742 quidem

118 2767 237 2829 quorum
251 2751 346 2809 tenuia
361 2750 432 2810 lolia
446 2751 503 2828 ipsi
518 2767 634 2828 quoque
649 2750 811 2825 dulciores,
835 2767 955 2829 quorum
972 2749 1077 2810 scabra
1094 2759 1125 2808 et
1135 2774 1162 2814 ao

75 2842 107 2897 77
117 2833 258 2911 angulosa
274 2842 303 2893 et
317 2832 433 2893 horrida
449 2835 616 2893 amariores.
642 2833 695 2893 usu
711 2843 863 2911 praeterea
880 2850 972 2909 genus
985 2833 1126 2893 silvestre

119 2921 199 2978 cuius
210 2917 281 2977 lolia
296 2926 361 2976 sunt
377 2933 484 2976 erucae
500 2916 611 2977 similia.
641 2916 734 2996 palma
748 2918 858 2977 Romae
872 2917 1058 2976 Amiterninis
1073 2917 1124 2977 da·

116 3013 170 3079 tur,
187 3001 253 3061 dein
266 3000 412 3077 Nursiuis,
435 3000 520 3061 tertia
534 2999 719 3061 nostratibus.
754 3011 853 3061 cetera
877 3000 913 3060 de
933 3009 995 3059 satu
1020 3017 1126 3060 corum

75 3102 144 3138 isan
156 3087 184 3143 in
199 3087 278 3162 rapis
293 3084 369 3144 dicta
387 3093 460 3143 sunt.

73 3177 109 3231 78
184 3167 267 3246 (26.)
292 3167 333 3248 [1]
357 3166 475 3228 Cortice
500 3177 530 3229 et
546 3167 716 3245 cartilagine
734 3175 866 3229 coustant
886 3167 1022 3245 raphani,
1051 3169 1164 3228 mul-as

116 3251 211 3329 tisque
230 3268 330 3311 eorum
343 3262 446 3312 cortex
460 3253 587 3311 crassior
599 3253 684 3311 etiam
697 3269 782 3332 quam
794 3249 963 3329 quibusdam
975 3250 1124 3313 arborum.

117 3335 275 3396 amaritudo
291 3336 423 3415 pluruma
442 3335 500 3394 illis
518 3344 564 3395 est
581 3345 609 3395 et
624 3354 679 3415 pro
699 3333 889 3396 crassitudine
906 3335 1034 3394 corticis.
1075 3354 1125 3396 cc·

117 3427 178 3477 tera
200 3436 317 3498 quoque
340 3419 495 3497 aliquando
519 3419 641 3496 lignosa.
672 3428 701 3481 et
716 3420 760 3478 vis
775 3419 846 3477 mira
863 3417 1021 3494 colligendi
1038 3420 1126 3497 spiri·
