2422 3840
168 127 226 188 198
502 135 532 182 o.
548 135 643 180 emm
658 133 808 181 sucorum

166 291 318 368 caligines.
351 287 496 367 inponitur
520 289 605 347 etiam
622 285 715 346 oculis
736 287 764 345 in
784 285 848 345 lana
872 293 972 346 contra
997 287 1169 365 epiphoras.

122 375 243 438 attidem
267 390 352 433 sucus
375 370 471 431 alvom
495 378 600 450 purgat
623 371 652 428 in
676 386 768 448 posca
790 377 875 447 potos
898 369 933 429 ad
955 369 1027 431 duos
1049 369 1169 431 obolos.

166 457 343 554 serpentium
360 453 465 514 ictibus
482 454 614 514 medetur
630 455 658 512 in
673 454 740 512 vino
764 461 864 531 potus,
883 460 912 512 et
928 451 999 514 folia
1016 454 1171 533 thyrsique

165 542 224 600 triti
246 558 283 599 ex
304 546 388 599 aceto
413 537 556 597 bibuntur.
595 536 707 597 volneri
734 537 887 596 inlinuntur
909 554 1040 597 maxume
1067 548 1172 598 contra

166 624 351 720 scorpionum
370 623 460 698 ictus,
484 639 585 681 verum
601 629 701 680 contra
719 620 875 699 phalangia
894 623 1039 680 conmixto
1054 623 1124 681 vino
1142 631 1197 681 ete

123 717 158 770 63
170 715 265 766 aceto
295 699 360 766 aliis
376 723 493 783 quoque
510 705 631 765 venenis
652 705 789 764 resistunt
796 705 955 782 ,exceptis
976 722 1051 782 quae
1073 714 1172 764 stran-

165 790 291 868 gulando
310 797 414 850 necant
436 789 535 848 antiis
556 806 631 866 qnae
648 789 766 848 uesicae
788 797 912 863 nocent,
934 789 1002 847 item
1020 788 1171 865 psimithio

166 883 304 952 excepto.
338 875 511 951 inponuntur
533 881 563 932 et
583 872 678 932 ventri
695 890 733 931 ex
748 870 835 931 melle
854 880 941 949 atque
959 880 1044 932 aceto
1063 871 1099 931 ad
1117 871 1171 931 de-

166 958 306 1018 trahenda
321 957 390 1016 vitia
407 955 472 1015 alvi.
503 958 603 1016 urinae
619 954 804 1015 difficultates
820 972 907 1014 sucus
923 955 1066 1015 emendat.
1097 952 1171 1015 Gra-

167 1052 249 1101 tevas
267 1059 331 1100 eum
345 1049 374 1099 et
385 1037 555 1117 hydropicis
569 1039 664 1099 obolis
680 1038 791 1099 duobus
806 1039 834 1097 in
848 1047 933 1098 aceto
950 1048 979 1097 et
995 1039 1100 1113 cyatho
1111 1040 1208 1104 viniro

124 1125 226 1190 dederi
248 1123 337 1184 iubet
370 1121 483 1199 quidam
505 1132 534 1183 et
547 1141 563 1182 e
576 1123 676 1183 sativis
694 1121 834 1219 colligqnt
847 1138 946 1180 sucum
960 1123 1052 1181 minus
1069 1121 1172 1182 effica-

125 1208 166 1293 ¹⁹;,
162 1207 196 1240 ¹²²
212 1225 284 1267 cem.
300 1205 465 1285 peculiares
478 1224 575 1266 earum
586 1207 665 1266 vires
679 1206 801 1284 partim
792 1204 1028 1280 1amdictaesunt,
1038 1223 1172 1265 somnum

144 1258 290 1351 'qiaciendi
309 1308 504 1368 veneremque
523 1288 686 1364 inhibendi,
707 1298 816 1349 aestum
830 1250 1039 1365 refrigerandi,
1062 1298 1171 1349 stoma·

62 1413 64 1416 <
168 1375 250 1434 chum
264 1372 416 1452 purgandi,
431 1375 597 1452 sangninem
608 1373 744 1450 angendi.
767 1390 825 1432 non
839 1390 951 1450 paucae
965 1382 1084 1450 restant,
1096 1391 1171 1451 quo·

166 1459 240 1519 niam
254 1466 282 1517 et
290 1457 453 1518 rullatmnes
461 1459 616 1518 drscutnunt
623 1456 863 1535 ructusquelenrs
871 1456 989 1531 iaciunt,
1000 1458 1172 1516 concoctio·
1185 1480 1209 1518 rs

167 1561 232 1602 nem
248 1541 392 1617 adiuvant,
406 1542 575 1602 cruditatem
589 1542 673 1619 ipsae
687 1559 838 1620 numquam
850 1540 967 1600 faciunt.
984 1559 1038 1600 nec
1047 1540 1108 1600 ulla
1120 1559 1173 1599 res

167 1627 196 1684 in
216 1625 288 1685 cibis
302 1626 394 1702 magis
409 1626 574 1685 aviditatem
589 1625 688 1684 incitat
704 1624 872 1702 inhibetque
888 1624 999 1683 eadem.
1032 1625 1061 1683 in
1081 1641 1175 1684 causa

168 1709 364 1786 alterutraque
376 1708 478 1768 modus
493 1716 546 1768 est.
566 1710 610 1767 sic
622 1717 651 1767 et
663 1707 760 1767 alvom
772 1709 955 1784 copiosiores
967 1709 1093 1784 solvont,
1110 1725 1174 1767 mo·

125 1792 250 1857 atticae
266 1793 377 1852 sistunt.
401 1792 540 1852 lentitiam
552 1792 671 1869 pituitae
685 1790 818 1867 digerunt
830 1800 927 1868 atque,
944 1800 974 1849 ut
985 1792 1072 1868 aliqui
1083 1792 1174 1853 tradi·

168 1877 287 1951 derunt,
304 1892 407 1933 sensus
423 1882 556 1952 purgant.
585 1873 742 1933 stomachis
757 1872 906 1933 dissolutis
921 1875 1073 1936 utilissime
1089 1875 1173 1938 adiu·
1184 1899 1210 1942 ao

168 1968 269 2020 vantur
288 1959 316 2016 in
336 1973 372 2016 eo
396 1975 449 2015 usu
471 1967 500 2017 et
517 1958 642 2033 oxypori
663 1956 759 2017 obolis
776 1957 962 2035 asperitatem
979 1960 1076 2020 addito
1094 1962 1174 2022 dulci

168 2042 204 2101 ad
224 2041 372 2100 intinctum
390 2041 465 2100 aceti
486 2048 692 2118 temperantes.
720 2041 744 2100 si
760 2041 887 2101 crassior
904 2043 1005 2119 pituita
1024 2046 1077 2121 sit,
1103 2047 1174 2105 scil·

168 2127 218 2185 lite
238 2132 287 2184 aut
309 2125 375 2183 vino
399 2123 567 2201 absinthite,
591 2125 616 2184 si
639 2133 668 2184 et
688 2126 776 2185 tussis
795 2125 949 2202 sentiatur,
966 2127 1104 2206 hysopite
1123 2130 1174 2189 ad·

127 2217 161 2272 66
172 2209 268 2268 mixto.
302 2208 403 2269 dantur
427 2208 566 2270 coeliacis
589 2227 652 2269 cum
673 2208 770 2269 intubo
792 2210 917 2269 erratico
936 2219 965 2269 et
982 2211 1018 2270 ad
1039 2211 1175 2273 duritiam

168 2294 417 2370 praecordiorum.
437 2293 553 2362 ¹dantur
573 2303 602 2354 et
623 2293 840 2354 melancholicis
864 2293 1004 2353 candidae
1021 2297 1173 2374 copiosio·
1185 2315 1209 2354 aa

169 2396 218 2437 res
239 2386 267 2437 et
292 2377 327 2438 ad
351 2378 468 2437 vesicae
491 2378 568 2437 vitia.
612 2377 793 2454 Praxagoras
819 2385 848 2435 et
872 2377 1056 2451 dysintericis
1079 2379 1172 2441 dedit.

169 2461 306 2521 ambustis
319 2479 436 2540 qnoque
449 2469 569 2538 prosunt
582 2460 765 2535 recentibus,
780 2461 946 2538 priusquam
956 2461 1079 2538 pusulae
1092 2463 1174 2542 liant,

170 2563 233 2603 cum
249 2542 311 2603 sale
328 2544 435 2604 inlitae.
469 2543 569 2604 ulcera
591 2546 675 2603 etiam
692 2560 766 2621 quae
781 2551 901 2620 serpunt
918 2555 1072 2621 coercent,
1089 2548 1173 2607 initio

170 2644 234 2687 cum
255 2627 441 2704 aphronitro,
463 2645 531 2688 mox
551 2629 579 2686 in
596 2629 674 2688 vino.
709 2629 793 2688 tritae
811 2629 870 2704 igni
894 2646 979 2688 sacro
1003 2629 1172 2691 inlinuntur.

171 2709 310 2770 convolsa
325 2718 354 2770 et
369 2710 466 2770 luxata
480 2711 608 2771 caulibus
623 2713 696 2770 tritis
711 2729 774 2771 cnm
788 2710 906 2789 polenta
921 2730 958 2771 ex
975 2730 1049 2790 aqua
1064 2714 1174 2792 frigida
1186 2737 1207 2779 a.

127 2805 159 2859 67
170 2794 293 2869 leniunt,
309 2795 477 2871 eruptiones
495 2795 680 2872 papularum,
703 2813 741 2854 ex
755 2795 823 2854 vino
841 2803 871 2853 et
889 2794 1017 2875 polenta.
1055 2799 1083 2855 in
1102 2798 1174 2859 cho·

170 2878 232 2938 lera
256 2893 371 2954 quoque
394 2885 494 2936 coctas
517 2877 620 2955 patinis
648 2876 807 2950 dederunt,
836 2877 871 2938 ad
898 2879 975 2957 qnod
1001 2880 1175 2943 utilissimae

171 2979 254 3039 quam
269 2961 391 3020 maxumi
410 2959 501 3020 caulis
517 2969 546 3020 et
560 2978 684 3020 amarae.
714 2961 1092 3038 quidamlaoteiniundunt.
1122 2968 1175 3026 de·

170 3044 323 3104 lerveiacti
347 3044 376 3103 hi
399 3042 497 3103 caules
522 3053 551 3103 et
573 3045 722 3105 stomacho
745 3044 887 3104 utilissimi
908 3047 1070 3124 traduntur,
1095 3051 1176 3111 sicut

172 3144 272 3187 somno
296 3128 406 3187 aestiva
429 3145 559 3187 maxume
582 3127 695 3189 lactuca
711 3137 740 3188 et
756 3146 851 3189 amara
870 3130 1057 3209 lacteusque,
1084 3150 1198 3210 quamn

128 3231 157 3272 ιι,
170 3230 203 3264 ιιι
227 3210 409 3271 meconidem
427 3213 604 3272 vocavimus
646 3211 711 3273 lloc
731 3211 806 3272 lacte
829 3222 857 3273 et
879 3215 1028 3275 oculorum
1046 3215 1177 3278 claritati

171 3313 234 3353 cum
250 3294 383 3354 muliebri
397 3294 473 3356 lacte
487 3295 666 3356 utilissimum
682 3314 749 3356 esse
762 3299 954 3375 praecipitur,
974 3297 1038 3358 dnm
1057 3308 1174 3380 tempe·

171 3380 244 3438 stive
265 3397 333 3439 cnm
356 3381 452 3459 capite
472 3380 662 3456 inunguantur
683 3379 761 3440 oculi
784 3389 813 3441 et
831 3379 866 3441 ad
882 3383 949 3441 vitia
965 3399 1040 3459 quae
1055 3382 1174 3461 frigore
