2422 3840
132 184 172 247 62
443 193 582 241 crumr
598 191 749 239 aucuunr

90 361 123 416 93
134 353 192 411 seri
208 349 352 409 conducit.
383 348 449 407 olea
461 355 556 407 tamen
568 364 699 406 maxumo
711 345 876 421 intervallo,
893 345 929 404 de
945 362 1001 423 qua
1016 341 1141 405 Catonis

131 435 231 495 ltalica
257 432 399 492 sententia
422 439 466 490 est
492 432 520 489 in
543 444 615 490 xxv
636 430 759 507 pedibus
778 431 945 504 minumum,
975 428 1140 505 plurumum

133 532 206 578 xxx
222 517 289 575 seri.
321 516 373 574 sed
391 514 449 574 hoc
465 515 591 574 variatur
606 513 737 573 locorum
760 521 868 571 natura.
898 529 956 570 non
971 511 1027 571 alia
1042 515 1138 573 maior

133 605 161 662 in
177 601 295 660 Baetica
311 599 407 658 arbor.
441 599 470 657 in
485 598 586 657 Africa
600 614 672 656 vcro
687 632 724 640 -
739 596 811 656 fides
824 614 915 673 penes
927 604 1065 655 auctores
1080 599 1138 656 erit

132 721 173 730 -
186 685 321 743 miliarias
333 683 432 743 vocari
447 682 550 741 multas
562 688 678 739 narrant
694 699 711 740 a
726 679 857 757 pondere
873 679 932 738 olei
944 679 1022 757 quod
1038 679 1159 740 ferants

133 785 226 829 annuo
247 775 400 846 proventu.
434 766 501 825 ideo
525 777 621 824 Lxxv
642 763 733 842 pedes
757 762 844 840 lllago
873 763 1026 822 intervallo
1056 764 1139 824 dedit

133 854 258 930 undique
275 859 323 910 aut
339 853 366 908 in
382 867 480 909 macro
497 849 561 908 solo
578 865 613 907 ac
626 847 696 907 duro
713 856 798 926 atque
813 855 948 923 ventoso,
966 864 1030 905 cum
1044 849 1137 907 minu-

90 947 225 1010 94mum,
249 948 326 994 va.
364 933 481 992 Baetica
504 932 620 1011 quidem
645 932 804 990 uberrimas
828 931 933 989 messis
954 931 1030 990 inter
1053 931 1139 991 oleas

133 1021 223 1079 metit.
245 1018 323 1077 illam
340 1018 519 1076 inscientiam
535 1015 698 1092 pudendam
713 1033 781 1074 esse
796 1015 952 1074 conveniet
967 1013 1079 1073 adultas
1095 1017 1138 1073 in·

133 1103 279 1163 terlucare
302 1102 377 1159 iusto
400 1099 465 1176 plus
487 1100 559 1157 etin
574 1108 722 1157 senectam
741 1099 935 1177 praecipitare
951 1104 1008 1171 aut,
1026 1098 1178 1176 utple·1o

133 1203 253 1263 rumque
277 1185 349 1261 ipsis
376 1184 424 1262 qui
450 1200 576 1260 posuere
604 1182 828 1258 coarguentibus
856 1182 1017 1259 inperitiam
1044 1191 1138 1257 suam,

134 1278 210 1330 totas
232 1268 381 1326 excidere.
408 1267 478 1325 nihil
499 1275 543 1325 est
568 1265 684 1327 foedius
704 1265 843 1342 agricolis
866 1283 951 1343 quam
970 1274 1073 1340 gestae
1094 1267 1140 1324 rei

134 1352 322 1432 poenitentia,
338 1350 427 1410 multo
438 1352 493 1408 iam
508 1358 537 1408 ut
552 1358 681 1427 praestet
695 1349 814 1409 laxitate
827 1349 1009 1426 delinquere.

91 1449 125 1502 95
199 1436 250 1498 13.
274 1435 358 1513 (20.)
383 1433 531 1507 Quaedam
547 1442 641 1492 autem
661 1442 762 1492 natura
783 1431 864 1491 tarde
888 1439 1040 1507 crescunt,
1064 1440 1095 1490 et
1111 1433 1139 1490 in

134 1522 233 1600 primis
256 1520 366 1578 semine
384 1527 491 1576 tantum
513 1519 662 1577 nascentia
682 1525 711 1575 et
732 1518 822 1593 longo
840 1532 915 1574 aevo
938 1515 1077 1575 durantia.
1110 1524 1140 1575 at
1152 1529 1177 1572 rs

135 1623 209 1683 quae
224 1604 281 1662 cito
295 1602 429 1662 occidunt
440 1601 556 1660 velocia
572 1610 647 1676 sunt,
664 1609 693 1659 ut
708 1600 791 1676 licus,
808 1601 923 1677 punica,
942 1617 1060 1676 prunus,
1079 1617 1139 1660 ma·

134 1689 190 1762 lus,
207 1688 298 1764 pirus,
315 1695 435 1760 myrtus,
451 1686 536 1759 salix,
554 1692 693 1743 ettamen
708 1684 882 1743 antecedunt
898 1683 1015 1742 divitiis.
1044 1683 1074 1741 in
1088 1685 1140 1742 tri-

134 1780 210 1831 matu
227 1772 301 1828 enim
317 1770 396 1827 ferre
413 1769 552 1844 incipiunt
568 1768 756 1827 ostendentes
773 1775 802 1826 et
816 1776 893 1826 ante.
927 1785 964 1825 ex
979 1766 1023 1826 his
1039 1766 1139 1826 lentis·

135 1857 205 1914 sima
218 1854 307 1930 pirus.
334 1853 467 1909 ocissima
480 1852 603 1911 omnium
616 1853 732 1929 cypirus
745 1860 773 1910 et
785 1851 1017 1929 pseudocypirus
1029 1850 1139 1910 frutex.

106 1971 108 1974 >
136 1936 265 2016 protinus
285 1936 359 1993 enim
372 1933 457 1992 floret
475 1952 634 2012 semenque
656 1935 777 2012 perfert.
811 1936 906 1994 omnia
919 1952 991 1993 vero
1009 1934 1140 1994 celerius
1150 1951 1178 1991 ao

134 2019 305 2080 adulescunt
329 2017 490 2077 stolonibus
516 2017 617 2077 ablatis
645 2036 787 2097 unamque
811 2019 839 2076 in
866 2019 986 2096 stirpem
1010 2018 1141 2079 redactis

134 2104 287 2163 alimentis.

93 2197 127 2251 96
203 2186 287 2264 (21.)
310 2185 419 2245 Eadem
435 2194 535 2245 natura
551 2193 580 2244 et
597 2187 775 2263 propagines
793 2184 899 2244 docuit.
932 2185 996 2244 rubi
1016 2202 1141 2263 namque

137 2272 246 2329 curvati
262 2269 425 2346 gracilitate
446 2277 475 2327 et
496 2268 579 2327 simul
600 2270 776 2344 proceritate
792 2269 876 2328 nimia
893 2269 1025 2345 defigunt
1038 2287 1140 2328 rursus

134 2356 163 2412 in
192 2362 297 2413 terram
334 2355 428 2430 capita
455 2354 616 2429 iterumque
649 2361 804 2411 nascuntur
829 2369 866 2410 ex
890 2371 959 2411 sese
996 2351 1139 2429 repleturi
1150 2368 1178 2408 aa

137 2438 247 2510 omnia,
273 2439 301 2494 ni
316 2438 433 2496 resistat
453 2436 574 2509 cultura,
591 2452 711 2511 prorsus
727 2443 756 2493 ut
771 2437 884 2513 possint
897 2436 989 2495 videri
1005 2434 1140 2495 homines

137 2529 233 2578 terrae
248 2537 334 2578 causa
343 2520 443 2596 geniti.
470 2520 507 2578 ita
522 2535 656 2595 pessuma
675 2527 761 2594 atque
776 2518 956 2578 exsecranda
968 2537 1018 2578 res
1030 2534 1140 2596 propa·

136 2604 232 2678 ginem
247 2611 341 2660 tamen
357 2603 455 2660 docuit
473 2619 508 2660 ac
521 2601 725 2661 viveradicem.
761 2603 861 2662 eadem
878 2611 974 2661 autem
992 2611 1093 2661 natura
1110 2612 1141 2662 et

137 2685 263 2744 hederis.
295 2681 367 2743 Cato
389 2686 545 2763 propagari
565 2693 684 2762 praeter
704 2686 792 2744 vitem
812 2686 900 2746 tradit
913 2686 1008 2762 ficum,
1030 2685 1139 2761 oleam,

136 2769 283 2845 punicam,
312 2768 451 2828 malorum
474 2786 584 2843 genera
607 2769 718 2841 omnia,
741 2768 854 2845 laurus,
877 2787 983 2848 pruna,
1005 2778 1180 2848 myrtum,uo

94 2861 126 2916 ut
142 2869 230 2910 nuces
246 2850 395 2911 abellanas
412 2859 441 2909 et
455 2851 668 2925 Praenestinas,
687 2851 839 2927 platanum.
871 2853 1066 2930 Propaginum
1081 2853 1141 2912 duu

137 2953 261 3011 genera:
277 2952 357 2993 ramo
370 2935 405 2994 ab
420 2934 525 2993 arbore
537 2934 679 3011 depresso
694 2935 721 2992 in
734 2935 869 2994 scrobem
882 2944 1019 3015 quattuor
1033 2936 1141 3015 pedum

138 3035 254 3094 quoquo
278 3027 306 3077 et
326 3027 393 3096 post
414 3018 558 3076 biennium
574 3026 719 3095 amputato
735 3018 812 3078 flexu
827 3020 985 3099 plantaque
1000 3020 1142 3080 translata

139 3110 205 3177 post
221 3102 378 3175 trimatum,
403 3119 475 3179 quas
497 3101 521 3158 si
536 3100 650 3177 longius
666 3101 745 3160 ferre
762 3102 866 3178 libeat,
889 3104 918 3171 in
934 3105 1027 3182 qualis
1045 3104 1142 3164 statim

139 3193 186 3242 aut
211 3185 288 3242 vasis
310 3184 444 3244 fictilibus
472 3184 612 3244 defodere
641 3187 818 3262 propagines
843 3187 1037 3264 aptissimum,
1062 3189 1178 3248 utinen

95 3278 129 3332 98
141 3268 185 3327 bis
199 3267 416 3328 transferantur.
447 3269 567 3327 alterum
583 3286 675 3346 genus
690 3269 876 3345 luxuriosum,
900 3271 928 3329 in
955 3274 1018 3351 ipsa
1034 3271 1141 3331 arbore

139 3352 254 3411 radices
271 3352 455 3412 sollicitando
472 3353 600 3411 traiectis
612 3371 666 3430 per
678 3370 749 3412 vasa
763 3353 861 3413 fictilia
875 3355 923 3414 vel
935 3356 1038 3434 qualos
1053 3356 1142 3414 ramis

138 3445 275 3514 terraque
288 3437 495 3513 circumfertis,
511 3445 596 3515 atque
611 3438 668 3496 hoc
683 3436 879 3497 blandimento
900 3439 1051 3517 inpetratis
1066 3437 1143 3498 radi-
