2422 3840
164 212 244 259 nar.
262 210 352 258 urar.
373 211 444 258 xvr.
467 206 630 260 44—xv11.
650 211 674 260 1.
699 197 958 280 (xvima-xvir.
979 201 1020 277 1.)
1053 199 1093 258 45

160 364 244 442 (95.)
267 362 331 425 Νοιι
345 374 390 424 est
405 364 562 424 omittenda
578 364 605 422 in
621 363 676 424 hac
687 383 719 423 re
738 373 767 423 et
783 362 937 424 Galliarum
953 365 1072 425 admira·
1085 374 1137 430 249

99 451 150 509 tio.
178 447 247 507 nihil
268 447 375 508 habent
396 448 587 508 Druidae-
609 448 647 507 ita
668 464 738 506 suos
762 447 912 525 appellant
936 465 1037 525 magos
1052 483 1094 494 —

99 535 181 592 visco
200 539 230 590 et
250 532 356 592 arbore
368 533 396 591 in
411 550 467 610 qua
482 532 626 608 gignatur,
639 532 664 590 si
677 529 762 590 modo
778 533 815 589 sit
829 532 928 608 robur,
941 534 1092 593 sacratius.

99 618 154 676 iam
169 633 222 693 per
237 632 270 674 se
285 614 422 675 roborum
438 614 549 691 eligunt
562 614 656 689 lucos,
674 632 729 675 uec
744 614 802 674 ulla
817 633 901 676 sacra
917 617 979 675 sine
996 634 1093 676 earum

74 698 202 761 afrondc
225 699 395 772 conficiunt,
419 707 449 757 ut
462 697 537 787 jude
558 697 698 776 appellati
719 715 834 777 quoque
855 700 1093 778 interpretatione

100 781 212 843 Graeca
233 783 345 858 possint
365 782 493 842 Druidae
517 781 617 841 videri.
653 783 800 840 enimvero
829 783 965 861 quidquid
986 782 1093 860 adgna-

100 874 197 926 scatur
213 864 302 924 illise
319 864 403 925 caelo
419 867 534 925 missum
550 873 650 943 putant
666 867 835 942 signumque
848 883 915 924 esse
928 865 1042 925 electae
1058 865 1093 926 ab

99 949 164 1026 ipso
180 947 236 1007 deo
252 947 374 1009 arboris.
404 958 450 1008 ert
464 958 559 1008 autem
580 948 609 1025 id
627 965 722 1007 rarum
741 948 893 1008 admodum
908 950 1023 1008 inventu
1042 958 1071 1008 et
1083 957 1137 1011 nto

99 1040 245 1110 repertum
259 1049 362 1109 magna
377 1032 521 1109 religione
536 1032 642 1110 petitur
660 1040 690 1090 et
708 1039 774 1091 ante
796 1033 888 1091 omnia
910 1040 992 1092 senta
1014 1032 1091 1109 luna,

65 1132 176 1195 acquae
192 1115 334 1194 principia
348 1133 477 1175 mensum
492 1131 686 1193 annorumque
701 1115 746 1175 his
760 1115 839 1189 iacit,
853 1124 883 1174 et
901 1116 1012 1176 saeculi
1027 1114 1094 1194 post

98 1199 272 1260 tricesimum
294 1216 413 1275 anuum,
436 1199 503 1276 quia
527 1200 582 1259 iam
602 1199 703 1285 viripm
727 1197 841 1258 abunde
856 1198 963 1260 habeat
977 1217 1034 1258 nec
1056 1201 1093 1258 sit

98 1284 142 1342 sui
156 1281 281 1342 dimidia.
314 1282 409 1343 ornnia
424 1291 571 1342 sanantem
592 1281 777 1360 appellantes
789 1298 843 1342 suo
864 1281 1026 1359 uocabulo,
1047 1299 1092 1342 sa·

98 1365 207 1425 orificio
218 1365 375 1443 epulisque
396 1366 450 1425 rite
465 1364 519 1424 sub
540 1365 651 1425 arbore
670 1366 834 1443 conparatis
851 1366 924 1426 duos
940 1366 1094 1425 admovent

99 1448 211 1508 candidi
229 1449 338 1508 coloris
355 1456 453 1507 tauros
476 1464 596 1525 quorum
618 1464 726 1508 cornua
750 1457 809 1507 tum
829 1450 949 1527 primum
967 1449 1092 1509 vincian-

63 1540 151 1591 totur.
186 1530 328 1591 sacerdos
345 1530 465 1591 candida
479 1540 563 1589 veste
584 1530 677 1589 cultus
691 1530 828 1590 arborem
843 1531 970 1606 scandit,
993 1531 1072 1591 ialce
1083 1543 1134 1596 251

98 1629 185 1673 aurea
206 1613 340 1690 demetit,
368 1612 489 1673 candido
510 1613 539 1673 id
562 1613 704 1691 excipitur
726 1630 810 1689 sago.
847 1622 905 1675 tum
926 1613 1031 1674 deinde
1051 1616 1092 1674 vi·

98 1696 199 1756 ctimas
225 1696 362 1757 inmolant
384 1704 557 1775 precantes,
583 1714 665 1756 suum
687 1697 791 1756 donum
820 1697 896 1757 deus
919 1713 1093 1776 prospemm

96 1779 184 1839 iaciat
199 1779 244 1839 luis
259 1779 363 1858 quihus
378 1779 500 1840 dederit.
532 1780 737 1841 fecunditatem
752 1796 788 1839 eo
802 1790 871 1859 poto
890 1781 952 1841 dari
969 1782 1093 1841 cuicum-

97 1880 154 1941 que
170 1863 330 1923 animalr'um
345 1863 438 1923 sterili
458 1862 649 1939 arbitrantur,
666 1872 767 1924 eontra
781 1882 893 1925 venena
915 1868 982 1924 esse
998 1866 1092 1925 omnia

60 1947 235 2006 reremedio.
279 1955 357 2009 tanta
382 1950 510 2024 gentium
531 1948 559 2006 iu
581 1947 668 2007 rebus
692 1948 804 2008 friuolis
830 1948 1000 2027 plerumque
1025 1948 1092 2008 reli·

95 2030 144 2105 gio
159 2038 213 2089 est.

347 2404 382 2487 u.
408 2404 569 2488 rurur
602 2375 855 2490 sua'uuor

196 2566 1001 2684 dltdtitlttttttttttlt

430 2744 770 2811 nicaenum.

537 2905 680 2916 ...αι-..-

160 3017 232 3100 (lap.
247 3021 274 3080 1.
299 3022 395 3100 (Sect.
413 3024 458 3101 1.)
481 3022 590 3084 Natura
601 3023 734 3084 arborum
745 3034 824 3084 terra
842 3026 972 3103 marique
987 3034 1120 3102 spontel

98 3122 157 3164 sua·
168 3105 398 3184 provenientium
415 3105 490 3166 dicta
508 3115 562 3166 est.
597 3116 688 3168 restat
704 3126 801 3167 earum
825 3126 899 3186 quae
917 3117 979 3169 arte
996 3118 1025 3168 et
1040 3109 1090 3170 liu-

62 3189 187 3254 asmanis
200 3190 324 3266 ingeniis
340 3189 408 3250 liunt
424 3191 521 3250 verius
542 3206 625 3268 quam
640 3201 803 3251 nascuntur.
827 3192 880 3252 sed
894 3193 974 3271 prius
995 3194 1091 3252 mirari

96 3273 240 3334 succurrit
253 3291 308 3353 qua
323 3274 472 3335 retulimus
495 3273 633 3353 paenuria
654 3291 706 3353 pro
729 3275 851 3335 indiviso
874 3291 1029 3353 possessas
1050 3293 1066 3335 a
1087 3293 1132 3339 nu

96 3355 178 3433 ieris,
187 3355 372 3436 depugnante
385 3375 449 3417 cum
460 3357 504 3419 ln's
518 3357 633 3417 homine
649 3358 726 3418 circa
738 3357 865 3418 caducos
877 3358 998 3430 tructus,
1014 3359 1094 3417 circa

96 3439 249 3518 pendeatis
266 3457 339 3502 raro
356 3450 385 3502 et
401 3460 464 3501 cum
480 3439 608 3519 attolus,
621 3442 653 3502 in
663 3449 747 3502 tanta
755 3437 1116 3510 deliciarumuxenm·
