2422 3840
349 187 890 272 unu.1s1su.xvu13-—4(3—6)
1082 193 1122 252 97

124 365 257 432 aratore,
284 356 347 415 sive
362 355 404 416 illi
430 355 542 414 eadem
558 372 627 414 cura
648 356 757 415 semina
776 355 937 416 tractabant
953 373 1008 434 qna
1033 355 1123 432 bella,

124 441 286 518 eademque
301 439 450 537 diligentia
465 455 534 499 arra
549 438 742 516 disponebant
757 456 812 517 qua
829 449 935 515 castra,
954 441 1017 498 sive
1034 440 1123 500 hone-

125 525 178 585 stis
194 524 322 583 manibus
336 525 430 582 omnia
445 523 548 582 laetius
567 524 755 600 proveniunt,
787 525 921 601 quoniam
935 533 965 583 et
981 524 1124 584 curiosius

126 609 205 668 liunt.
237 608 388 667 Serentem
416 608 587 665 invenerunt
607 605 666 666 dati
692 607 819 666 honores
847 608 1018 682 Serranum,
1046 608 1167 673 undelo

101 693 153 759 sei
168 700 198 752 et
212 707 384 768 cognomen.
402 691 493 750 aranti
509 698 643 768 quattuor
657 707 708 748 sua
722 691 824 767 iugera
837 692 866 749 iu
878 690 1031 766 Vaticano,
1048 710 1123 770 quae

125 784 207 853 prata
228 773 362 848 Quinctia
384 772 577 851 appellantur,
597 770 767 833 Cincinnato
786 775 881 832 viator
897 773 990 833 attulit
1006 775 1124 836 dictatu-

124 877 199 933 ram,
227 857 404 936 etquidem,
424 866 454 917 ut
469 855 604 930 traditur,
625 856 701 915 nudo
716 856 865 936 plenoque
885 859 963 916 nunti
979 857 1124 918 laborum:

85 997 89 1005 .
124 942 192 1002 vela
208 959 332 1019 corpus,
351 942 457 1020 inquit,
481 949 511 1000 ut
525 940 672 1019 proferam
687 950 805 1001 senatus
827 941 988 1020 populique
1005 940 1125 1002 Romani

124 1025 267 1085 mandata.
300 1023 388 1084 Tales
408 1033 465 1084 tum
486 1026 572 1083 ctiam
589 1025 717 1085 viatores
739 1035 835 1100 erant,
859 1027 936 1104 quod
959 1027 1051 1103 ipsum
1071 1037 1166 1088 ιιι-21

89 1126 192 1179 10meu
208 1109 324 1168 inditum
345 1117 391 1168 est
409 1109 531 1168 subinde
553 1116 637 1168 etex
657 1111 735 1185 agris
759 1118 889 1169 senatum
910 1110 1057 1188 ducesque
1081 1128 1125 1169 ar·

125 1193 317 1253 cessentibus.
347 1202 375 1252 at
387 1211 462 1252 nunc
480 1192 585 1252 eadem
600 1193 650 1254 illa
665 1194 753 1252 vincti
769 1194 878 1272 pedes,
904 1193 1053 1254 damnatae
1067 1211 1125 1254 ma·

123 1278 378 1356 nnsinsoriptique
392 1276 489 1337 voltus
505 1287 660 1351 exercent,
681 1286 810 1337 nontam
826 1277 913 1338 surda
928 1278 1124 1356 tellurequae

112 1378 230 1440 -pareus
244 1360 412 1460 appellatur
434 1360 549 1437 colique
571 1360 673 1420 dicitur
698 1362 762 1438 ipsa
776 1361 888 1420 honore
901 1362 946 1421 his
960 1362 1123 1458 absumpto,

125 1452 227 1504 utnon
242 1444 329 1504 inrita
345 1461 381 1502 ea
396 1452 425 1502 et
445 1443 589 1519 indignata
606 1443 741 1502 credatur
756 1443 785 1502 id
803 1445 875 1503 lieri.
905 1445 959 1505 sed
972 1463 1026 1505 uos
1041 1446 1124 1504 mira-

89 1544 187 1595 15mur
202 1526 414 1603 ergastulorum
433 1543 491 1584 non
506 1524 607 1585 cadem
628 1527 819 1621 emolumenta
842 1544 908 1586 esse
926 1544 1000 1651 quae
1021 1527 1127 1586 inerint

124 1612 339 1688 imperatorum.

188 1695 223 1772 (5
227 1692 364 1772 .)lgitur
388 1693 424 1753 de
454 1693 565 1752 cultura
590 1694 653 1769 agri
677 1694 851 1771 praecipere
880 1646 1042 1772 principale
1074 1694 1168 1759 luitha

125 1780 210 1839 etiam
228 1779 303 1856 apud
324 1785 459 1852 exteros,
480 1776 623 1854 siquidem
645 1785 674 1835 et
690 1795 778 1854 reges
794 1777 912 1852 locere,
933 1776 1040 1853 lliero,
1061 1777 1125 1837 Phi·

125 1863 250 1922 lometor
270 1861 400 1937 Attalns,
422 1861 596 1936 Archelaus,
619 1869 648 1920 ct
668 1861 770 1938 duces,
785 1859 951 1940 Xenophon
968 1870 997 1921 et
1010 1861 1126 1922 Poenus

89 1969 116 2009 ao
126 1948 210 2006 ctiam
225 1945 328 2023 blago,
350 1948 395 2005 cui
411 1946 526 2024 quidem
547 1953 653 2005 tautum
668 1946 808 2005 honorem
825 1955 941 2006 senatus
961 1955 1062 2006 noster
1077 1946 1126 2005 ha·

125 2030 186 2089 buit
206 2027 380 2106 Carthagine
400 2038 486 2108 capta
507 2039 553 2105 ut,
582 2047 645 2088 curn
667 2029 778 2106 regulis
792 2029 911 2090 Africae
932 2031 1126 2091 bibliothecas

126 2113 263 2188 donaret,
285 2115 367 2173 unius
390 2115 452 2172 eins
467 2113 679 2189 duodetriginta
698 2112 843 2172 volumina
858 2123 995 2174 censeret
1009 2116 1037 2173 in
1052 2114 1126 2173 Lati-

125 2214 190 2256 nam
205 2196 332 2273 linguam
346 2195 564 2271 transferenda,
589 2213 652 2254 cum
666 2196 721 2254 iam
736 2194 776 2255 Μ.
793 2193 865 2254 Cato
881 2207 1042 2274 praecepta
1058 2215 1126 2256 con·

126 2279 265 2353 didisset,
293 2281 453 2358 peritisque
468 2280 576 2339 Punice
595 2277 718 2338 dandiun
737 2280 900 2355 negotium,
921 2282 1023 2357 inquo
1042 2291 1169 2356 prae-23

89 2363 219 2431 acessit
239 2365 331 2423 omnis
350 2365 395 2423 vir
416 2363 593 2424 clarissimae
615 2362 740 2423 familiae
757 2360 794 2421 D.
811 2362 935 2421 Silanus.
968 2364 1127 2440 sapientiae

126 2463 198 2506 vcro
215 2456 399 2507 auctores‘et
413 2448 585 2508 carminibus
604 2447 777 2508 excellentis
793 2447 900 2526 quique
921 2445 969 2506 alii
991 2446 1127 2506 inlustres

125 2532 180 2589 viri
195 2533 420 2608 conposuissent
434 2547 508 2608 quos
524 2549 713 2608 sequeremur
729 2532 945 2610 praetexuimus
961 2530 1063 2590 hocin
1076 2548 1126 2590 ιο-

126 2613 249 2688 lumine,
275 2633 332 2674 uon
353 2633 381 2672 m
393 2628 488 2690 grege
508 2614 679 2673 nominando
701 2613 738 2672 Μ.
754 2615 887 2677 Varrone
909 2615 958 2696 qui
980 2617 1127 2693 octogesi-

125 2714 201 2756 mum
216 2697 334 2774 primurn
348 2698 425 2757 vitae
443 2715 543 2756 annom
559 2714 650 2773 agens
665 2695 701 2756 de
715 2713 750 2755 ea
766 2715 798 2757 re
814 2701 992 2775 prodendum
1007 2700 1125 2777 putavit.

91 2809 118 2850 30
189 2781 218 2838 4.
240 2779 325 2857 Apud
340 2779 486 2840 Romanos
508 2781 596 2840 multo
613 2781 708 2840 serior
727 2781 825 2839 vitium
847 2781 957 2842 cultura
974 2798 1041 2841 esse
1058 2801 1125 2842 coe·
1115 2790 1170 2844 hl

126 2864 186 2943 pit,
208 2865 379 2942 primoque,
400 2873 430 2923 ut
446 2881 571 2924 neccsse
588 2874 666 2940 erat,
689 2883 758 2924 arva
774 2874 880 2924 tanturn
894 2864 1030 2941 coluere,
1056 2882 1126 2941 quo·

126 2966 188 3007 rum
204 2947 320 3007 anobis
341 2965 417 3007 nunc
435 2949 509 3008 ratio
531 2948 701 3008 tractabitur
713 2966 770 3007 non
788 2949 900 3024 volgari
915 2947 1000 3006 modo
1016 2961 1125 3022 verum,

127 3041 158 3092 ut
178 3031 273 3092 adhuc
294 3031 434 3107 fecimus,
455 3041 485 3091 et
505 3034 627 3092 vetustis
648 3041 677 3092 ct
698 3041 803 3110 postea
825 3032 949 3091 inventis
967 3033 1043 3092 omni
1058 3050 1127 3092 cura

126 3116 295 3194 perquisitis
316 3132 461 3192 causaque
478 3133 574 3174 rerum
595 3124 626 3175 et
648 3118 760 3176 ratione
782 3115 864 3175 simul
880 3126 970 3176 eruta.
1003 3117 1164 3180 dice-sorra,

90 3218 189 3264 samus
205 3210 235 3259 et
249 3201 345 3260 sidera
368 3199 551 3276 sidemmquc
572 3201 700 3278 ipsorum
723 3202 873 3259 terrestria
896 3202 978 3277 signa
999 3200 1128 3259 dabimus

126 3283 301 3360 indubitata,
328 3283 559 3363 quandoquidem
581 3285 629 3362 qui
654 3284 747 3344 adhuc
771 3283 937 3362 diligentius
966 3302 1001 3343 ea
1023 3292 1126 3342 tracta·

126 3373 197 3427 vere
217 3369 366 3447 quibusvis
388 3369 484 3446 potius
505 3385 589 3447 quam
611 3367 748 3444 agricolis
768 3369 924 3446 scripsisse
945 3374 1067 3444 possunt
1086 3367 1126 3423 vi-

128 3448 199 3509 deri.
240 3452 303 3530 (6.)
319 3469 353 3512 ac
369 3453 488 3531 primum
505 3452 627 3511 omnium
642 3451 768 3513 oraculis
783 3454 895 3512 maiore
909 3459 1050 3524 exparte
1059 3459 1187 3516 age-*us

167 3553 236 3592 nuru.
251 3555 313 3594 unu.
329 3556 397 3594 uisr.
413 3541 458 3596 Ill.
962 3531 988 3584 'l
