2422 3840
326 215 408 262 nan.
426 211 771 265 nrsn.xv111.aa-aa.
789 201 941 279 (oa-56.)
1045 202 1104 263 127

101 371 212 450 cipiens
235 378 406 444 evanescat,
428 370 554 446 itemque
578 367 712 427 iestinata
734 369 845 428 satione
869 368 988 428 densum
1006 371 1106 448 spargi

100 473 217 529 semen,
234 453 299 531 quia
314 453 395 513 tarde
412 453 572 530 concipiat,
589 452 715 511 serotina
737 469 850 527 rarum,
875 453 941 531 quia
960 451 1102 513 densitate

100 538 185 597 nimia
199 545 328 597 necetur.
364 535 444 595 Artis
466 552 581 615 quoqne
603 535 749 594 cuiusdam
765 544 810 594 est
827 536 988 612 aequaliter
1006 546 1144 615 span-197

101 639 183 698 gere.
212 637 311 680 manus
329 621 428 697 utique
443 636 606 696 congruere
622 617 711 678 debet
732 637 795 677 cum
816 619 907 694 gradu
928 637 1103 699 semperque

78 722 164 764 scum
180 703 283 764 dextro
300 704 386 782 pede.
416 703 447 761 iit
457 720 574 780 quoque
588 702 765 780 quorundam
778 702 891 761 occulta
904 704 1015 762 ratione
1027 705 1105 781 quod

100 805 164 848 sors
179 788 406 864 genialisatque
427 786 551 845 fecunda
573 794 627 847 est.
663 783 728 843 Non
748 785 977 845 transferendum
999 797 1043 846 est
1068 806 1105 846 ex

98 871 211 948 frigidis
226 872 300 931 locis
317 887 417 929 semen
433 870 462 927 iu
477 869 580 945 calida,
595 886 691 946 neque
707 887 745 928 ex
758 867 953 946 praecocibus
965 869 993 927 in
1006 869 1103 929 hiber·

98 973 145 1029 na,
161 955 280 1032 quaein
297 954 469 1013 contrarium
484 970 666 1031 praecepere
683 953 797 1030 quidam
811 951 885 1011 ialsa
902 951 1060 1028 diligentia.

164 1038 247 1116 (55.)
271 1038 379 1097 Serere
396 1037 426 1095 in
445 1037 545 1113 iugera
561 1046 722 1114 temperato
739 1035 803 1095 solo
820 1038 923 1094 iustum
939 1046 983 1095 est
1001 1037 1088 1096 tritici
1096 1046 1146 1102 198

64 1141 89 1180 ro
99 1130 146 1180 aut
161 1121 282 1197 siliginis
297 1120 410 1181 modios
425 1134 457 1196 v,
476 1120 562 1179 farris
574 1129 621 1179 aut
632 1121 760 1195 seminis,
779 1120 856 1198 quod
866 1120 999 1179 frumenti
1010 1138 1103 1197 genus

48 1251 59 1280 ,
99 1207 137 1264 ita
152 1205 344 1284 appellamus,
360 1219 401 1280 x,
417 1203 521 1264 hordei
535 1216 582 1279 v1,
599 1202 685 1264 iabae
702 1204 798 1281 quinta
813 1203 934 1281 amplius
951 1222 1036 1282 quam
1053 1206 1102 1263 tri·

98 1289 158 1364 tici,
169 1289 262 1348 viciae
276 1302 339 1364 ΧΗ,
354 1289 458 1347 ciceris
471 1296 499 1346 et
512 1287 674 1347 cicerculae
688 1296 718 1347 et
729 1287 785 1365 pisi
799 1300 855 1362 111,
868 1287 956 1365 lupini
968 1303 1001 1361 x,
1018 1288 1103 1348 lentis

98 1384 139 1431 111
153 1402 196 1416 -—
209 1373 261 1432 sed
273 1372 347 1431 hano
362 1389 424 1431 cum
436 1371 502 1429 iimo
516 1370 597 1430 arido
609 1371 668 1429 seri
680 1370 790 1445 volunt,
802 1405 845 1416 —
857 1372 918 1430 ervi
932 1385 978 1449 vl,
991 1372 1103 1431 siliciae

98 1467 146 1528 VI,
166 1455 365 1533 phasiolorum
387 1467 453 1531 1111,
478 1453 576 1530 pabuli
591 1467 656 1528 xx,
678 1453 753 1530 mili,
770 1455 864 1531 panici
877 1455 1020 1513 sextarios
1035 1468 1101 1530 1111,

63 1539 197 1616 15pingui
217 1539 282 1598 solo
304 1537 386 1614 plus,
410 1536 514 1613 gracili
535 1537 635 1594 minus.
680 1534 737 1595 Est
760 1545 789 1595 et
804 1536 858 1595 alia
876 1537 1037 1596 distinctio:
1059 1539 1145 1603 inl99

99 1621 190 1680 denso
202 1629 250 1680 aut
263 1627 381 1681 cretoso
400 1628 447 1679 aut
464 1619 610 1695 uliginoso
621 1620 707 1678 tritici
719 1628 766 1679 aut
779 1619 900 1695 siliginis
908 1621 1021 1679 modios
1037 1639 1102 1696 sex,

98 1706 127 1763 in
154 1704 248 1764 soluta
283 1712 362 1763 terra
389 1711 418 1762 et
448 1705 527 1762 sicca
555 1711 584 1761 et
607 1703 683 1762 laeta
709 1711 853 1780 quattuor.
894 1705 1003 1763 macies
1028 1708 1103 1764 enim

99 1787 172 1863 soli,
200 1788 254 1846 nisi
270 1805 363 1847 rarum
380 1786 502 1846 culmum
517 1786 616 1861 babet,
639 1788 747 1864 spicam
763 1788 896 1846 minutam
914 1787 984 1847 iacit
1000 1798 1028 1847 et
1043 1790 1102 1848 ina-

98 1889 173 1934 nem.
201 1872 319 1950 pinguia
342 1889 410 1931 arva
427 1889 464 1929 ex
479 1886 536 1929 uno
555 1871 665 1930 semine
687 1869 821 1930 iruticem
841 1889 1025 1930 numerosum
1041 1873 1102 1931 iun·

62 1954 165 2018 rodunt
188 1955 363 2034 densamque
390 1963 522 2030 segetem
548 1972 586 2013 ex
612 1970 680 2012 raro
703 1955 813 2014 semine
837 1956 976 2015 emittunt.
1009 1967 1145 2033 erg0200

96 2040 172 2098 inter
194 2047 328 2116 quattuor
351 2049 380 2098 et
406 2057 460 2097 sex
485 2038 598 2097 modios
626 2054 679 2115 pro
696 2047 795 2097 natura
815 2038 872 2097 soli
892 2040 990 2117 quinto
1010 2042 1102 2099 minus

99 2123 157 2180 seri
183 2121 288 2200 plusve
321 2122 520 2199 praecipiunt,
556 2122 624 2178 item
657 2121 686 2178 in
715 2123 828 2179 consito
857 2131 905 2181 aut
932 2123 1044 2182 clivoso
1072 2131 1102 2182 ut

96 2206 125 2264 in
154 2221 262 2263 macro.
292 2202 356 2263 Huc
383 2205 508 2282 pertinet
532 2201 680 2262 oraculum
708 2202 778 2262 illud
803 2221 981 2282 magnopere
1005 2217 1100 2266 custo·

98 2287 246 2347 diendum:
279 2288 452 2364 segetem
475 2304 517 2345 ne
538 2285 730 2361 deiruges.
764 2286 871 2345 adiecit
892 2286 937 2346 his
963 2287 1058 2346 Attius
1073 2291 1102 2347 in

61 2371 267 2446 25Praxidico,
293 2381 323 2432 ut
340 2379 505 2444 sereretur,
534 2388 598 2429 cunr
617 2369 683 2428 luna
699 2379 779 2428 esset
794 2371 822 2427 in
837 2370 945 2445 ariete,
970 2372 1101 2446 geminis,

97 2454 200 2529 leone,
223 2456 314 2532 libra,
337 2456 474 2535 aquario,
497 2453 671 2513 Zoroastres
692 2453 756 2512 sole
773 2454 936 2531 scorpionis
951 2453 1102 2513 duodecim

96 2541 186 2616 partis
205 2546 409 2615 transgresso,
434 2555 497 2598 cum
514 2538 580 2598 luna
599 2545 679 2596 esset
695 2537 722 2595 in
737 2546 830 2596 tauro.

161 2621 245 2698 (56.)
267 2623 405 2699 Sequitur
421 2622 478 2681 lruc
499 2621 587 2682 dilata
608 2629 637 2680 et
659 2638 789 2680 maxuma
804 2621 936 2698 indigens
959 2639 1028 2681 eura
1044 2621 1080 2680 de
1092 2631 1142 2685 201

96 2713 228 2781 tempore
247 2703 348 2781 iruges
363 2705 481 2765 serendi
497 2706 640 2784 quaestio,
658 2721 819 2782 magnaque
836 2724 873 2764 ex
888 2714 970 2784 parte
989 2706 1100 2764 ratione

60 2799 86 2840 so
96 2787 222 2846 siderum
239 2804 368 2863 conexa,
395 2790 583 2867 quamobrem
597 2789 756 2848 sententias
771 2792 893 2848 omnium
908 2789 1046 2868 inprimis
1065 2789 1100 2848 ad

95 2870 123 2930 id
140 2871 310 2948 pertinentis
327 2889 515 2951 exponemus.
545 2870 708 2946 Hesiodus,
732 2873 780 2949 qui
801 2875 936 2952 princeps
956 2873 1099 2932 hominum

95 2954 131 3014 de
148 2953 324 3029 agricultura
341 2957 496 3034 praecipit,
510 2973 594 3013 unum
608 2964 723 3034 tempus
739 2957 855 3016 serendi
870 2956 985 3015 tradidit
1001 2973 1017 3014 a
1033 2973 1098 3013 ver·

94 3039 226 3114 giliarum
248 3056 366 3099 occasu.
397 3037 543 3098 scribebat
560 3040 675 3098 enimin
691 3039 813 3100 Boeotia
828 3039 973 3113 Helladis,
997 3038 1045 3098 ubi
1061 3041 1098 3098 ita

94 3124 152 3181 seri
175 3123 309 3184 diximus.
339 3121 419 3182 luter
437 3120 672 3197 diligentissimos
693 3125 843 3198 convenit,
858 3132 888 3182 ut
905 3124 933 3181 in
949 3123 1140 3185 ultramuros

59 3207 362 3285 osquadripedumque
383 3206 531 3284 genitura,
553 3222 620 3266 esse
636 3207 776 3284 quosdam
798 3206 834 3266 ad
856 3215 1027 3285 conceptum
1048 3208 1097 3264 im·

94 3299 180 3367 petus
196 3301 226 3350 et
240 3300 348 3351 terrae.
382 3290 439 3350 boc
458 3287 561 3348 Graeci
576 3290 615 3350 ita
638 3290 790 3362 deliniunt,
818 3309 880 3350 cum
902 3290 938 3349 sit
959 3288 1051 3348 calida
1069 3296 1098 3345 et

94 3374 197 3433 umida.
227 3373 376 3452 Vergilius
398 3373 522 3434 triticum
541 3382 571 3433 et
595 3373 640 3434 iar
659 3391 675 3433 a
695 3373 881 3450 vergiliarum
905 3389 1013 3432 occasu
1037 3371 1097 3429 seri

94 3452 188 3529 iubet,
215 3457 354 3518 hordeum
379 3460 454 3518 inter
474 3458 687 3536 aequinoctium
704 3458 830 3516 autumni
845 3465 877 3515 et
894 3453 1105 3522 bromme&-
