<?xml version="1.0" encoding="UTF-8"?>
<!DOCTYPE html PUBLIC "-//W3C//DTD XHTML 1.0 Transitional//EN"
    "http://www.w3.org/TR/xhtml1/DTD/xhtml1-transitional.dtd">
<html xmlns="http://www.w3.org/1999/xhtml" xml:lang="en" lang="en">
 <head>
  <title>
</title>
<meta http-equiv="Content-Type" content="text/html;charset=utf-8" />
  <meta name='ocr-system' content='tesseract 3.04.00' />
  <meta name='ocr-capabilities' content='ocr_page ocr_carea ocr_par ocr_line ocrx_word'/>
</head>
<body>
  <div class='ocr_page' id='page_1' title='image "./cplinisecundina04plingoog_0077.png"; bbox 0 0 2422 3840; ppageno 0'>
   <div class='ocr_carea' id='block_1_1' title="bbox 113 191 762 254">
    <p class='ocr_par' dir='ltr' id='par_1_1' title="bbox 113 191 762 254">
     <span class='ocr_line' id='line_1_1' title="bbox 113 191 762 254; baseline -0.003 -2"><span class='ocrx_word' id='word_1_1' title='bbox 113 191 151 254; x_wconf 92' lang='lat'><strong>18</strong></span> <span class='ocrx_word' id='word_1_2' title='bbox 459 202 762 252; x_wconf 78' lang='lat' dir='ltr'><strong>c.1&gt;c1u1sucunor</strong></span> 
     </span>
    </p>
   </div>
   <div class='ocr_carea' id='block_1_2' title="bbox 40 355 1140 3497">
    <p class='ocr_par' dir='ltr' id='par_1_2' title="bbox 56 355 1139 1932">
     <span class='ocr_line' id='line_1_2' title="bbox 71 355 1109 435; baseline 0.007 -25"><span class='ocrx_word' id='word_1_3' title='bbox 71 378 121 420; x_wconf 72' lang='lat' dir='ltr'><strong>cao</strong></span> <span class='ocrx_word' id='word_1_4' title='bbox 133 368 193 434; x_wconf 91' lang='lat' dir='ltr'><strong>est,</strong></span> <span class='ocrx_word' id='word_1_5' title='bbox 217 374 328 435; x_wconf 86' lang='lat' dir='ltr'><strong>eosque</strong></span> <span class='ocrx_word' id='word_1_6' title='bbox 344 359 373 415; x_wconf 89' lang='lat' dir='ltr'><strong>in</strong></span> <span class='ocrx_word' id='word_1_7' title='bbox 386 373 485 416; x_wconf 88' lang='lat' dir='ltr'><strong>umore</strong></span> <span class='ocrx_word' id='word_1_8' title='bbox 498 357 629 416; x_wconf 82' lang='lat' dir='ltr'><strong>utiliores</strong></span> <span class='ocrx_word' id='word_1_9' title='bbox 645 374 722 415; x_wconf 87' lang='lat' dir='ltr'><strong>esse.</strong></span> <span class='ocrx_word' id='word_1_10' title='bbox 756 365 786 415; x_wconf 91' lang='lat' dir='ltr'><strong>et</strong></span> <span class='ocrx_word' id='word_1_11' title='bbox 802 356 878 434; x_wconf 92' lang='lat' dir='ltr'><strong>apud</strong></span> <span class='ocrx_word' id='word_1_12' title='bbox 894 372 949 415; x_wconf 90' lang='lat' dir='ltr'><strong>nos</strong></span> <span class='ocrx_word' id='word_1_13' title='bbox 965 355 1030 416; x_wconf 84' lang='lat' dir='ltr'><strong>lere</strong></span> <span class='ocrx_word' id='word_1_14' title='bbox 1047 356 1109 434; x_wconf 81' lang='lat' dir='ltr'><strong>pal·</strong></span> 
     </span>
     <span class='ocr_line' id='line_1_3' title="bbox 111 439 1108 518; baseline -0.002 -17"><span class='ocrx_word' id='word_1_15' title='bbox 111 444 164 501; x_wconf 92' lang='lat' dir='ltr'><strong>mis</strong></span> <span class='ocrx_word' id='word_1_16' title='bbox 180 459 196 500; x_wconf 88' lang='lat' dir='ltr'><strong>a</strong></span> <span class='ocrx_word' id='word_1_17' title='bbox 210 458 307 500; x_wconf 90' lang='lat' dir='ltr'><strong>messe</strong></span> <span class='ocrx_word' id='word_1_18' title='bbox 323 440 526 518; x_wconf 79' lang='lat' dir='ltr'><strong>decerpuntur.</strong></span> <span class='ocrx_word' id='word_1_19' title='bbox 556 459 593 499; x_wconf 86' lang='lat' dir='ltr'><strong>ex</strong></span> <span class='ocrx_word' id='word_1_20' title='bbox 603 440 647 500; x_wconf 91' lang='lat' dir='ltr'><strong>his</strong></span> <span class='ocrx_word' id='word_1_21' title='bbox 658 440 779 501; x_wconf 79' lang='lat' dir='ltr'><strong>meliora</strong></span> <span class='ocrx_word' id='word_1_22' title='bbox 794 456 868 517; x_wconf 89' lang='lat' dir='ltr'><strong>quae</strong></span> <span class='ocrx_word' id='word_1_23' title='bbox 883 457 952 498; x_wconf 84' lang='lat' dir='ltr'><strong>sess</strong></span> <span class='ocrx_word' id='word_1_24' title='bbox 965 456 1025 499; x_wconf 89' lang='lat' dir='ltr'><strong>uon</strong></span> <span class='ocrx_word' id='word_1_25' title='bbox 1036 439 1108 500; x_wconf 85' lang='lat' dir='ltr'><strong>divi·</strong></span> 
     </span>
     <span class='ocr_line' id='line_1_4' title="bbox 112 521 1108 601; baseline -0.004 -16"><span class='ocrx_word' id='word_1_26' title='bbox 112 526 209 585; x_wconf 91' lang='lat' dir='ltr'><strong>serint.</strong></span> <span class='ocrx_word' id='word_1_27' title='bbox 254 525 397 583; x_wconf 81' lang='lat' dir='ltr'><strong>siccantur</strong></span> <span class='ocrx_word' id='word_1_28' title='bbox 413 523 477 582; x_wconf 90' lang='lat' dir='ltr'><strong>-sub</strong></span> <span class='ocrx_word' id='word_1_29' title='bbox 499 532 577 583; x_wconf 87' lang='lat' dir='ltr'><strong>tecto</strong></span> <span class='ocrx_word' id='word_1_30' title='bbox 599 524 744 601; x_wconf 85' lang='lat' dir='ltr'><strong>quaternis</strong></span> <span class='ocrx_word' id='word_1_31' title='bbox 766 521 885 597; x_wconf 87' lang='lat' dir='ltr'><strong>diebus,</strong></span> <span class='ocrx_word' id='word_1_32' title='bbox 907 539 976 581; x_wconf 91' lang='lat' dir='ltr'><strong>mox</strong></span> <span class='ocrx_word' id='word_1_33' title='bbox 994 524 1024 581; x_wconf 91' lang='lat' dir='ltr'><strong>iu</strong></span> <span class='ocrx_word' id='word_1_34' title='bbox 1042 521 1108 583; x_wconf 85' lang='lat' dir='ltr'><strong>sole</strong></span> 
     </span>
     <span class='ocr_line' id='line_1_5' title="bbox 113 605 1107 684; baseline -0.001 -17"><span class='ocrx_word' id='word_1_35' title='bbox 113 607 311 684; x_wconf 83' lang='lat' dir='ltr'><strong>expanduntur</strong></span> <span class='ocrx_word' id='word_1_36' title='bbox 328 616 356 665; x_wconf 89' lang='lat' dir='ltr'><strong>et</strong></span> <span class='ocrx_word' id='word_1_37' title='bbox 373 606 505 666; x_wconf 88' lang='lat' dir='ltr'><strong>noctibus</strong></span> <span class='ocrx_word' id='word_1_38' title='bbox 526 607 644 682; x_wconf 87' lang='lat' dir='ltr'><strong>relicta,</strong></span> <span class='ocrx_word' id='word_1_39' title='bbox 667 606 762 666; x_wconf 91' lang='lat' dir='ltr'><strong>donec</strong></span> <span class='ocrx_word' id='word_1_40' title='bbox 784 605 909 666; x_wconf 90' lang='lat' dir='ltr'><strong>candore</strong></span> <span class='ocrx_word' id='word_1_41' title='bbox 932 606 1107 681; x_wconf 85' lang='lat' dir='ltr'><strong>inarescant,</strong></span> 
     </span>
     <span class='ocr_line' id='line_1_6' title="bbox 112 690 1128 769; baseline 0 -20"><span class='ocrx_word' id='word_1_42' title='bbox 112 699 214 769; x_wconf 87' lang='lat' dir='ltr'><strong>postca</strong></span> <span class='ocrx_word' id='word_1_43' title='bbox 229 691 258 749; x_wconf 90' lang='lat' dir='ltr'><strong>in</strong></span> <span class='ocrx_word' id='word_1_44' title='bbox 274 707 365 769; x_wconf 90' lang='lat' dir='ltr'><strong>opera</strong></span> <span class='ocrx_word' id='word_1_45' title='bbox 381 690 531 750; x_wconf 85' lang='lat' dir='ltr'><strong>finduntur.</strong></span> <span class='ocrx_word' id='word_1_46' title='bbox 1116 708 1128 749; x_wconf 82' lang='lat' dir='ltr'><strong>s</strong></span> 
     </span>
     <span class='ocr_line' id='line_1_7' title="bbox 69 771 1108 854; baseline -0.003 -21"><span class='ocrx_word' id='word_1_47' title='bbox 69 781 103 833; x_wconf 85' lang='lat'><strong>90</strong></span> <span class='ocrx_word' id='word_1_48' title='bbox 175 773 258 854; x_wconf 88' lang='lat'>(38.)</span> <span class='ocrx_word' id='word_1_49' title='bbox 286 773 433 833; x_wconf 87' lang='lat' dir='ltr'><strong>Latissima</strong></span> <span class='ocrx_word' id='word_1_50' title='bbox 448 774 515 848; x_wconf 89' lang='lat' dir='ltr'><strong>lico,</strong></span> <span class='ocrx_word' id='word_1_51' title='bbox 531 774 592 846; x_wconf 87' lang='lat' dir='ltr'><strong>viti,</strong></span> <span class='ocrx_word' id='word_1_52' title='bbox 614 771 742 849; x_wconf 88' lang='lat' dir='ltr'><strong>platano,</strong></span> <span class='ocrx_word' id='word_1_53' title='bbox 760 781 880 849; x_wconf 86' lang='lat' dir='ltr'><strong>angusta</strong></span> <span class='ocrx_word' id='word_1_54' title='bbox 894 780 1001 848; x_wconf 75' lang='lat' dir='ltr'><strong>myrto,</strong></span> <span class='ocrx_word' id='word_1_55' title='bbox 1026 773 1108 850; x_wconf 89' lang='lat' dir='ltr'><strong>puni·</strong></span> 
     </span>
     <span class='ocr_line' id='line_1_8' title="bbox 112 854 1109 934; baseline -0.003 -16"><span class='ocrx_word' id='word_1_56' title='bbox 112 875 176 933; x_wconf 90' lang='lat' dir='ltr'><strong>cac,</strong></span> <span class='ocrx_word' id='word_1_57' title='bbox 194 857 294 932; x_wconf 84' lang='lat' dir='ltr'><strong>oleae,¹</strong></span> <span class='ocrx_word' id='word_1_58' title='bbox 306 857 440 934; x_wconf 88' lang='lat' dir='ltr'><strong>capillata</strong></span> <span class='ocrx_word' id='word_1_59' title='bbox 452 858 532 934; x_wconf 93' lang='lat' dir='ltr'><strong>pino,</strong></span> <span class='ocrx_word' id='word_1_60' title='bbox 550 855 650 930; x_wconf 90' lang='lat' dir='ltr'><strong>cedro,</strong></span> <span class='ocrx_word' id='word_1_61' title='bbox 665 854 799 914; x_wconf 84' lang='lat' dir='ltr'><strong>acrrleata</strong></span> <span class='ocrx_word' id='word_1_62' title='bbox 815 854 954 933; x_wconf 84' lang='lat' dir='ltr'><strong>aquifolio</strong></span> <span class='ocrx_word' id='word_1_63' title='bbox 966 863 997 915; x_wconf 87' lang='lat' dir='ltr'><strong>et</strong></span> <span class='ocrx_word' id='word_1_64' title='bbox 1011 855 1109 915; x_wconf 89' lang='lat' dir='ltr'><strong>ilicum</strong></span> 
     </span>
     <span class='ocr_line' id='line_1_9' title="bbox 111 938 1107 1018; baseline -0.001 -19"><span class='ocrx_word' id='word_1_65' title='bbox 111 942 228 1017; x_wconf 80' lang='lat' dir='ltr'><strong>generi,</strong></span> <span class='ocrx_word' id='word_1_66' title='bbox 244 976 288 985; x_wconf 94' lang='lat'>-</span> <span class='ocrx_word' id='word_1_67' title='bbox 301 958 363 998; x_wconf 88' lang='lat' dir='ltr'><strong>narn</strong></span> <span class='ocrx_word' id='word_1_68' title='bbox 378 940 506 1018; x_wconf 88' lang='lat' dir='ltr'><strong>iunipiris</strong></span> <span class='ocrx_word' id='word_1_69' title='bbox 521 940 603 1017; x_wconf 87' lang='lat' dir='ltr'><strong>spina</strong></span> <span class='ocrx_word' id='word_1_70' title='bbox 623 955 676 1014; x_wconf 89' lang='lat' dir='ltr'><strong>pro</strong></span> <span class='ocrx_word' id='word_1_71' title='bbox 695 938 767 997; x_wconf 86' lang='lat' dir='ltr'><strong>lolio</strong></span> <span class='ocrx_word' id='word_1_72' title='bbox 786 946 847 1013; x_wconf 86' lang='lat' dir='ltr'><strong>est,</strong></span> <span class='ocrx_word' id='word_1_73' title='bbox 862 972 903 983; x_wconf 91' lang='lat'><strong>—</strong></span> <span class='ocrx_word' id='word_1_74' title='bbox 919 955 1043 998; x_wconf 87' lang='lat' dir='ltr'><strong>carnosa</strong></span> <span class='ocrx_word' id='word_1_75' title='bbox 1058 956 1107 998; x_wconf 89' lang='lat' dir='ltr'><strong>cu·</strong></span> 
     </span>
     <span class='ocr_line' id='line_1_10' title="bbox 111 1020 1106 1102; baseline 0 -21"><span class='ocrx_word' id='word_1_76' title='bbox 111 1039 233 1102; x_wconf 88' lang='lat' dir='ltr'><strong>presso,</strong></span> <span class='ocrx_word' id='word_1_77' title='bbox 248 1023 392 1096; x_wconf 82' lang='lat' dir='ltr'><strong>tamarici,</strong></span> <span class='ocrx_word' id='word_1_78' title='bbox 419 1023 597 1081; x_wconf 83' lang='lat' dir='ltr'><strong>crassissima</strong></span> <span class='ocrx_word' id='word_1_79' title='bbox 615 1021 697 1096; x_wconf 87' lang='lat' dir='ltr'><strong>alno,</strong></span> <span class='ocrx_word' id='word_1_80' title='bbox 720 1022 807 1099; x_wconf 86' lang='lat' dir='ltr'><strong>longa</strong></span> <span class='ocrx_word' id='word_1_81' title='bbox 824 1021 989 1097; x_wconf 88' lang='lat' dir='ltr'><strong>harundini,</strong></span> <span class='ocrx_word' id='word_1_82' title='bbox 1011 1020 1106 1096; x_wconf 87' lang='lat' dir='ltr'><strong>salici,</strong></span> 
     </span>
     <span class='ocr_line' id='line_1_11' title="bbox 112 1104 1138 1183; baseline -0.005 -19"><span class='ocrx_word' id='word_1_83' title='bbox 112 1104 225 1183; x_wconf 89' lang='lat' dir='ltr'><strong>palmae</strong></span> <span class='ocrx_word' id='word_1_84' title='bbox 241 1115 270 1164; x_wconf 92' lang='lat' dir='ltr'><strong>et</strong></span> <span class='ocrx_word' id='word_1_85' title='bbox 284 1105 420 1183; x_wconf 85' lang='lat' dir='ltr'><strong>duplicia,</strong></span> <span class='ocrx_word' id='word_1_86' title='bbox 442 1106 579 1164; x_wconf 87' lang='lat' dir='ltr'><strong>circinata</strong></span> <span class='ocrx_word' id='word_1_87' title='bbox 593 1106 667 1181; x_wconf 94' lang='lat' dir='ltr'><strong>piro,</strong></span> <span class='ocrx_word' id='word_1_88' title='bbox 683 1113 849 1165; x_wconf 87' lang='lat' dir='ltr'><strong>mucronata</strong></span> <span class='ocrx_word' id='word_1_89' title='bbox 863 1104 950 1181; x_wconf 89' lang='lat' dir='ltr'><strong>malo,</strong></span> <span class='ocrx_word' id='word_1_90' title='bbox 966 1104 1138 1181; x_wconf 76' lang='lat' dir='ltr'><strong>angulosum</strong></span> 
     </span>
     <span class='ocr_line' id='line_1_12' title="bbox 112 1186 1107 1266; baseline -0.001 -18"><span class='ocrx_word' id='word_1_91' title='bbox 112 1187 250 1264; x_wconf 87' lang='lat' dir='ltr'><strong>hederae,</strong></span> <span class='ocrx_word' id='word_1_92' title='bbox 264 1189 354 1248; x_wconf 90' lang='lat' dir='ltr'><strong>divisa</strong></span> <span class='ocrx_word' id='word_1_93' title='bbox 371 1188 497 1265; x_wconf 89' lang='lat' dir='ltr'><strong>platano,</strong></span> <span class='ocrx_word' id='word_1_94' title='bbox 506 1190 616 1247; x_wconf 88' lang='lat' dir='ltr'><strong>insecta</strong></span> <span class='ocrx_word' id='word_1_95' title='bbox 626 1190 771 1266; x_wconf 83' lang='lat' dir='ltr'><strong>pectinum</strong></span> <span class='ocrx_word' id='word_1_96' title='bbox 782 1187 868 1247; x_wconf 90' lang='lat' dir='ltr'><strong>modo</strong></span> <span class='ocrx_word' id='word_1_97' title='bbox 879 1189 995 1265; x_wconf 88' lang='lat' dir='ltr'><strong>piceas,</strong></span> <span class='ocrx_word' id='word_1_98' title='bbox 1009 1186 1107 1262; x_wconf 86' lang='lat' dir='ltr'><strong>abieti,</strong></span> 
     </span>
     <span class='ocr_line' id='line_1_13' title="bbox 70 1270 1109 1349; baseline -0.004 -16"><span class='ocrx_word' id='word_1_99' title='bbox 70 1280 101 1333; x_wconf 82' lang='lat'><strong>91</strong></span> <span class='ocrx_word' id='word_1_100' title='bbox 112 1273 228 1331; x_wconf 89' lang='lat' dir='ltr'><strong>sinuosa</strong></span> <span class='ocrx_word' id='word_1_101' title='bbox 244 1280 305 1331; x_wconf 92' lang='lat' dir='ltr'><strong>toto</strong></span> <span class='ocrx_word' id='word_1_102' title='bbox 317 1271 421 1330; x_wconf 89' lang='lat' dir='ltr'><strong>ambitu</strong></span> <span class='ocrx_word' id='word_1_103' title='bbox 434 1271 544 1346; x_wconf 91' lang='lat' dir='ltr'><strong>robori,</strong></span> <span class='ocrx_word' id='word_1_104' title='bbox 559 1272 677 1349; x_wconf 89' lang='lat' dir='ltr'><strong>spinosa</strong></span> <span class='ocrx_word' id='word_1_105' title='bbox 693 1280 757 1330; x_wconf 89' lang='lat' dir='ltr'><strong>cute</strong></span> <span class='ocrx_word' id='word_1_106' title='bbox 772 1270 854 1330; x_wconf 91' lang='lat' dir='ltr'><strong>rubo.</strong></span> <span class='ocrx_word' id='word_1_107' title='bbox 881 1270 1028 1331; x_wconf 86' lang='lat' dir='ltr'><strong>mordacia</strong></span> <span class='ocrx_word' id='word_1_108' title='bbox 1041 1277 1109 1330; x_wconf 85' lang='lat' dir='ltr'><strong>sunt</strong></span> 
     </span>
     <span class='ocr_line' id='line_1_14' title="bbox 113 1353 1107 1433; baseline -0.003 -19"><span class='ocrx_word' id='word_1_109' title='bbox 113 1353 292 1433; x_wconf 89' lang='lat' dir='ltr'><strong>quibusdam,</strong></span> <span class='ocrx_word' id='word_1_110' title='bbox 307 1364 337 1413; x_wconf 91' lang='lat' dir='ltr'><strong>ut</strong></span> <span class='ocrx_word' id='word_1_111' title='bbox 353 1355 461 1430; x_wconf 89' lang='lat' dir='ltr'><strong>urticis,</strong></span> <span class='ocrx_word' id='word_1_112' title='bbox 480 1356 635 1431; x_wconf 87' lang='lat' dir='ltr'><strong>pungentia</strong></span> <span class='ocrx_word' id='word_1_113' title='bbox 650 1355 729 1431; x_wconf 92' lang='lat' dir='ltr'><strong>pino,</strong></span> <span class='ocrx_word' id='word_1_114' title='bbox 754 1355 868 1431; x_wconf 90' lang='lat' dir='ltr'><strong>piceae,</strong></span> <span class='ocrx_word' id='word_1_115' title='bbox 891 1354 990 1432; x_wconf 86' lang='lat' dir='ltr'><strong>abieti,</strong></span> <span class='ocrx_word' id='word_1_116' title='bbox 1014 1353 1107 1428; x_wconf 86' lang='lat' dir='ltr'><strong>larici,</strong></span> 
     </span>
     <span class='ocr_line' id='line_1_15' title="bbox 113 1437 1107 1517; baseline -0.001 -21"><span class='ocrx_word' id='word_1_117' title='bbox 113 1438 218 1514; x_wconf 86' lang='lat' dir='ltr'><strong>cedro,</strong></span> <span class='ocrx_word' id='word_1_118' title='bbox 241 1438 397 1517; x_wconf 82' lang='lat' dir='ltr'><strong>aquifoliis.</strong></span> <span class='ocrx_word' id='word_1_119' title='bbox 433 1438 568 1516; x_wconf 88' lang='lat' dir='ltr'><strong>pediculo</strong></span> <span class='ocrx_word' id='word_1_120' title='bbox 585 1437 668 1496; x_wconf 87' lang='lat' dir='ltr'><strong>brevi</strong></span> <span class='ocrx_word' id='word_1_121' title='bbox 684 1437 770 1496; x_wconf 84' lang='lat' dir='ltr'><strong>oleae</strong></span> <span class='ocrx_word' id='word_1_122' title='bbox 787 1446 816 1497; x_wconf 94' lang='lat' dir='ltr'><strong>et</strong></span> <span class='ocrx_word' id='word_1_123' title='bbox 837 1437 911 1512; x_wconf 92' lang='lat' dir='ltr'><strong>ilici,</strong></span> <span class='ocrx_word' id='word_1_124' title='bbox 936 1437 1027 1513; x_wconf 86' lang='lat' dir='ltr'><strong>longo</strong></span> <span class='ocrx_word' id='word_1_125' title='bbox 1043 1437 1107 1496; x_wconf 83' lang='lat' dir='ltr'><strong>viti·</strong></span> 
     </span>
     <span class='ocr_line' id='line_1_16' title="bbox 111 1521 1139 1600; baseline -0.006 -20"><span class='ocrx_word' id='word_1_126' title='bbox 111 1521 176 1596; x_wconf 90' lang='lat' dir='ltr'><strong>bus,</strong></span> <span class='ocrx_word' id='word_1_127' title='bbox 189 1521 312 1581; x_wconf 87' lang='lat' dir='ltr'><strong>tremulo</strong></span> <span class='ocrx_word' id='word_1_128' title='bbox 329 1521 455 1600; x_wconf 89' lang='lat' dir='ltr'><strong>populis,</strong></span> <span class='ocrx_word' id='word_1_129' title='bbox 471 1531 499 1581; x_wconf 87' lang='lat' dir='ltr'><strong>st</strong></span> <span class='ocrx_word' id='word_1_130' title='bbox 515 1521 615 1580; x_wconf 88' lang='lat' dir='ltr'><strong>iisdem</strong></span> <span class='ocrx_word' id='word_1_131' title='bbox 630 1521 701 1580; x_wconf 89' lang='lat' dir='ltr'><strong>solis</strong></span> <span class='ocrx_word' id='word_1_132' title='bbox 715 1522 790 1579; x_wconf 90' lang='lat' dir='ltr'><strong>iuter</strong></span> <span class='ocrx_word' id='word_1_133' title='bbox 801 1537 834 1579; x_wconf 92' lang='lat' dir='ltr'><strong>se</strong></span> <span class='ocrx_word' id='word_1_134' title='bbox 846 1521 1025 1598; x_wconf 87' lang='lat' dir='ltr'><strong>crepitantia.</strong></span> <span class='ocrx_word' id='word_1_135' title='bbox 1051 1522 1139 1579; x_wconf 75' lang='lat' dir='ltr'><strong>iamsi</strong></span> 
     </span>
     <span class='ocr_line' id='line_1_17' title="bbox 56 1602 1106 1688; baseline 0 -25"><span class='ocrx_word' id='word_1_136' title='bbox 56 1676 64 1688; x_wconf 30' lang='grc' dir='ltr'><strong>ο</strong></span> <span class='ocrx_word' id='word_1_137' title='bbox 113 1614 141 1663; x_wconf 93' lang='lat' dir='ltr'><strong>et</strong></span> <span class='ocrx_word' id='word_1_138' title='bbox 158 1606 186 1663; x_wconf 90' lang='lat' dir='ltr'><strong>in</strong></span> <span class='ocrx_word' id='word_1_139' title='bbox 201 1623 288 1683; x_wconf 91' lang='lat' dir='ltr'><strong>pomo</strong></span> <span class='ocrx_word' id='word_1_140' title='bbox 311 1607 376 1683; x_wconf 90' lang='lat' dir='ltr'><strong>ipso</strong></span> <span class='ocrx_word' id='word_1_141' title='bbox 400 1605 465 1665; x_wconf 90' lang='lat' dir='ltr'><strong>mali</strong></span> <span class='ocrx_word' id='word_1_142' title='bbox 486 1606 609 1682; x_wconf 89' lang='lat' dir='ltr'><strong>quodam</strong></span> <span class='ocrx_word' id='word_1_143' title='bbox 626 1606 655 1663; x_wconf 90' lang='lat' dir='ltr'><strong>in</strong></span> <span class='ocrx_word' id='word_1_144' title='bbox 676 1622 785 1680; x_wconf 88' lang='lat' dir='ltr'><strong>genere</strong></span> <span class='ocrx_word' id='word_1_145' title='bbox 806 1621 895 1681; x_wconf 87' lang='lat' dir='ltr'><strong>parva</strong></span> <span class='ocrx_word' id='word_1_146' title='bbox 915 1602 1018 1663; x_wconf 91' lang='lat' dir='ltr'><strong>mediis</strong></span> <span class='ocrx_word' id='word_1_147' title='bbox 1038 1603 1106 1663; x_wconf 86' lang='lat' dir='ltr'><strong>erui·</strong></span> 
     </span>
     <span class='ocr_line' id='line_1_18' title="bbox 112 1687 1106 1764; baseline -0.004 -16"><span class='ocrx_word' id='word_1_148' title='bbox 112 1697 177 1748; x_wconf 90' lang='lat' dir='ltr'><strong>caut</strong></span> <span class='ocrx_word' id='word_1_149' title='bbox 193 1689 278 1763; x_wconf 84' lang='lat' dir='ltr'><strong>lolia,</strong></span> <span class='ocrx_word' id='word_1_150' title='bbox 302 1689 463 1747; x_wconf 88' lang='lat' dir='ltr'><strong>interimet</strong></span> <span class='ocrx_word' id='word_1_151' title='bbox 486 1689 608 1764; x_wconf 90' lang='lat' dir='ltr'><strong>gemina.</strong></span> <span class='ocrx_word' id='word_1_152' title='bbox 637 1696 791 1764; x_wconf 86' lang='lat' dir='ltr'><strong>praetcrea</strong></span> <span class='ocrx_word' id='word_1_153' title='bbox 815 1687 879 1747; x_wconf 88' lang='lat' dir='ltr'><strong>aliis</strong></span> <span class='ocrx_word' id='word_1_154' title='bbox 901 1687 978 1747; x_wconf 90' lang='lat' dir='ltr'><strong>circa</strong></span> <span class='ocrx_word' id='word_1_155' title='bbox 998 1702 1106 1760; x_wconf 86' lang='lat' dir='ltr'><strong>ramos,</strong></span> 
     </span>
     <span class='ocr_line' id='line_1_19' title="bbox 70 1768 1108 1848; baseline 0 -19"><span class='ocrx_word' id='word_1_156' title='bbox 70 1771 175 1830; x_wconf 67' lang='lat' dir='ltr'><strong>{italiis</strong></span> <span class='ocrx_word' id='word_1_157' title='bbox 190 1781 218 1830; x_wconf 88' lang='lat' dir='ltr'><strong>et</strong></span> <span class='ocrx_word' id='word_1_158' title='bbox 231 1773 260 1829; x_wconf 91' lang='lat' dir='ltr'><strong>in</strong></span> <span class='ocrx_word' id='word_1_159' title='bbox 276 1773 422 1830; x_wconf 87' lang='lat' dir='ltr'><strong>cacumine</strong></span> <span class='ocrx_word' id='word_1_160' title='bbox 438 1787 596 1848; x_wconf 88' lang='lat' dir='ltr'><strong>ramorum,</strong></span> <span class='ocrx_word' id='word_1_161' title='bbox 611 1770 711 1830; x_wconf 91' lang='lat' dir='ltr'><strong>robori</strong></span> <span class='ocrx_word' id='word_1_162' title='bbox 726 1780 754 1829; x_wconf 90' lang='lat' dir='ltr'><strong>et</strong></span> <span class='ocrx_word' id='word_1_163' title='bbox 769 1772 797 1829; x_wconf 93' lang='lat' dir='ltr'><strong>in</strong></span> <span class='ocrx_word' id='word_1_164' title='bbox 812 1768 931 1830; x_wconf 88' lang='lat' dir='ltr'><strong>caudice</strong></span> <span class='ocrx_word' id='word_1_165' title='bbox 945 1771 1022 1847; x_wconf 88' lang='lat' dir='ltr'><strong>ipso.</strong></span> <span class='ocrx_word' id='word_1_166' title='bbox 1050 1771 1108 1829; x_wconf 87' lang='lat' dir='ltr'><strong>iam</strong></span> 
     </span>
     <span class='ocr_line' id='line_1_20' title="bbox 109 1853 1106 1932; baseline -0.002 -19"><span class='ocrx_word' id='word_1_167' title='bbox 109 1855 202 1913; x_wconf 89' lang='lat' dir='ltr'><strong>densa</strong></span> <span class='ocrx_word' id='word_1_168' title='bbox 218 1871 252 1913; x_wconf 88' lang='lat' dir='ltr'><strong>ac</strong></span> <span class='ocrx_word' id='word_1_169' title='bbox 266 1870 332 1914; x_wconf 89' lang='lat' dir='ltr'><strong>rara</strong></span> <span class='ocrx_word' id='word_1_170' title='bbox 346 1871 519 1932; x_wconf 87' lang='lat' dir='ltr'><strong>semperque</strong></span> <span class='ocrx_word' id='word_1_171' title='bbox 532 1853 590 1913; x_wconf 90' lang='lat' dir='ltr'><strong>lata</strong></span> <span class='ocrx_word' id='word_1_172' title='bbox 604 1855 724 1913; x_wconf 90' lang='lat' dir='ltr'><strong>rariora.</strong></span> <span class='ocrx_word' id='word_1_173' title='bbox 757 1854 896 1931; x_wconf 86' lang='lat' dir='ltr'><strong>disposita</strong></span> <span class='ocrx_word' id='word_1_174' title='bbox 910 1861 1022 1928; x_wconf 74' lang='lat' dir='ltr'><strong>myrto,</strong></span> <span class='ocrx_word' id='word_1_175' title='bbox 1038 1868 1106 1912; x_wconf 91' lang='lat' dir='ltr'><strong>cou-</strong></span> 
     </span>
    </p>

    <p class='ocr_par' dir='ltr' id='par_1_3' title="bbox 40 1933 1140 2432">
     <span class='ocr_line' id='line_1_21' title="bbox 40 1933 1140 2015; baseline -0.003 -20"><span class='ocrx_word' id='word_1_176' title='bbox 40 1933 42 1935; x_wconf 73' lang='grc'><strong>’</strong></span> <span class='ocrx_word' id='word_1_177' title='bbox 113 1953 184 1996; x_wconf 87' lang='lat' dir='ltr'><strong>cava</strong></span> <span class='ocrx_word' id='word_1_178' title='bbox 199 1935 287 2011; x_wconf 87' lang='lat' dir='ltr'><strong>buxo,</strong></span> <span class='ocrx_word' id='word_1_179' title='bbox 304 1936 463 1996; x_wconf 89' lang='lat' dir='ltr'><strong>inordinata</strong></span> <span class='ocrx_word' id='word_1_180' title='bbox 479 1938 582 2014; x_wconf 89' lang='lat' dir='ltr'><strong>pomis,</strong></span> <span class='ocrx_word' id='word_1_181' title='bbox 605 1936 687 2014; x_wconf 89' lang='lat' dir='ltr'><strong>plura</strong></span> <span class='ocrx_word' id='word_1_182' title='bbox 703 1937 806 1996; x_wconf 90' lang='lat' dir='ltr'><strong>codem</strong></span> <span class='ocrx_word' id='word_1_183' title='bbox 821 1935 956 2015; x_wconf 90' lang='lat' dir='ltr'><strong>pediculo</strong></span> <span class='ocrx_word' id='word_1_184' title='bbox 973 1936 1140 1996; x_wconf 84' lang='lat' dir='ltr'><strong>exeuntiaao</strong></span> 
     </span>
     <span class='ocr_line' id='line_1_22' title="bbox 111 2016 1107 2099; baseline 0.001 -21"><span class='ocrx_word' id='word_1_185' title='bbox 111 2019 193 2078; x_wconf 88' lang='lat' dir='ltr'><strong>malis</strong></span> <span class='ocrx_word' id='word_1_186' title='bbox 209 2020 355 2097; x_wconf 91' lang='lat' dir='ltr'><strong>pirisque,</strong></span> <span class='ocrx_word' id='word_1_187' title='bbox 373 2020 517 2079; x_wconf 88' lang='lat' dir='ltr'><strong>ramulosa</strong></span> <span class='ocrx_word' id='word_1_188' title='bbox 533 2020 609 2080; x_wconf 90' lang='lat' dir='ltr'><strong>ulmo</strong></span> <span class='ocrx_word' id='word_1_189' title='bbox 625 2029 654 2079; x_wconf 87' lang='lat' dir='ltr'><strong>et</strong></span> <span class='ocrx_word' id='word_1_190' title='bbox 670 2022 773 2093; x_wconf 75' lang='lat' dir='ltr'><strong>cytiso.</strong></span> <span class='ocrx_word' id='word_1_191' title='bbox 815 2019 917 2099; x_wconf 86' lang='lat' dir='ltr'><strong>quibus</strong></span> <span class='ocrx_word' id='word_1_192' title='bbox 930 2019 1019 2079; x_wconf 89' lang='lat' dir='ltr'><strong>adicit</strong></span> <span class='ocrx_word' id='word_1_193' title='bbox 1034 2016 1107 2079; x_wconf 82' lang='lat' dir='ltr'><strong>Galo</strong></span> 
     </span>
     <span class='ocr_line' id='line_1_23' title="bbox 114 2102 1107 2183; baseline 0.001 -22"><span class='ocrx_word' id='word_1_194' title='bbox 114 2102 237 2163; x_wconf 89' lang='lat' dir='ltr'><strong>decidua</strong></span> <span class='ocrx_word' id='word_1_195' title='bbox 251 2103 387 2182; x_wconf 90' lang='lat' dir='ltr'><strong>apopulo</strong></span> <span class='ocrx_word' id='word_1_196' title='bbox 398 2122 573 2183; x_wconf 88' lang='lat' dir='ltr'><strong>quernaque,</strong></span> <span class='ocrx_word' id='word_1_197' title='bbox 589 2102 756 2163; x_wconf 88' lang='lat' dir='ltr'><strong>animalibus</strong></span> <span class='ocrx_word' id='word_1_198' title='bbox 768 2103 869 2163; x_wconf 92' lang='lat' dir='ltr'><strong>iubens</strong></span> <span class='ocrx_word' id='word_1_199' title='bbox 882 2102 944 2162; x_wconf 90' lang='lat' dir='ltr'><strong>dari</strong></span> <span class='ocrx_word' id='word_1_200' title='bbox 957 2118 1107 2181; x_wconf 89' lang='lat' dir='ltr'><strong>nonpera·</strong></span> 
     </span>
     <span class='ocr_line' id='line_1_24' title="bbox 111 2185 1108 2266; baseline 0.002 -22"><span class='ocrx_word' id='word_1_201' title='bbox 111 2186 183 2262; x_wconf 88' lang='lat' dir='ltr'><strong>rida,</strong></span> <span class='ocrx_word' id='word_1_202' title='bbox 199 2185 293 2245; x_wconf 88' lang='lat' dir='ltr'><strong>bubus</strong></span> <span class='ocrx_word' id='word_1_203' title='bbox 308 2188 421 2266; x_wconf 90' lang='lat' dir='ltr'><strong>quidem</strong></span> <span class='ocrx_word' id='word_1_204' title='bbox 435 2197 463 2247; x_wconf 89' lang='lat' dir='ltr'><strong>et</strong></span> <span class='ocrx_word' id='word_1_205' title='bbox 476 2187 598 2246; x_wconf 89' lang='lat' dir='ltr'><strong>liculnea</strong></span> <span class='ocrx_word' id='word_1_206' title='bbox 610 2187 756 2264; x_wconf 85' lang='lat' dir='ltr'><strong>ilignaque</strong></span> <span class='ocrx_word' id='word_1_207' title='bbox 769 2196 797 2246; x_wconf 91' lang='lat' dir='ltr'><strong>et</strong></span> <span class='ocrx_word' id='word_1_208' title='bbox 809 2186 997 2246; x_wconf 87' lang='lat' dir='ltr'><strong>hederacea.·</strong></span> <span class='ocrx_word' id='word_1_209' title='bbox 1007 2186 1108 2246; x_wconf 88' lang='lat' dir='ltr'><strong>dantur</strong></span> 
     </span>
     <span class='ocr_line' id='line_1_25' title="bbox 112 2269 1107 2345; baseline -0.001 -17"><span class='ocrx_word' id='word_1_210' title='bbox 112 2279 140 2329; x_wconf 86' lang='lat' dir='ltr'><strong>et</strong></span> <span class='ocrx_word' id='word_1_211' title='bbox 158 2289 195 2329; x_wconf 86' lang='lat' dir='ltr'><strong>ex</strong></span> <span class='ocrx_word' id='word_1_212' title='bbox 210 2271 367 2331; x_wconf 88' lang='lat' dir='ltr'><strong>harundine</strong></span> <span class='ocrx_word' id='word_1_213' title='bbox 383 2289 418 2330; x_wconf 91' lang='lat' dir='ltr'><strong>ac</strong></span> <span class='ocrx_word' id='word_1_214' title='bbox 438 2271 529 2331; x_wconf 88' lang='lat' dir='ltr'><strong>lauro.</strong></span> <span class='ocrx_word' id='word_1_215' title='bbox 564 2269 698 2329; x_wconf 92' lang='lat' dir='ltr'><strong>decidunt</strong></span> <span class='ocrx_word' id='word_1_216' title='bbox 716 2269 805 2330; x_wconf 91' lang='lat' dir='ltr'><strong>sorbo</strong></span> <span class='ocrx_word' id='word_1_217' title='bbox 825 2271 976 2345; x_wconf 88' lang='lat' dir='ltr'><strong>universa,</strong></span> <span class='ocrx_word' id='word_1_218' title='bbox 998 2269 1107 2329; x_wconf 87' lang='lat' dir='ltr'><strong>ceteris</strong></span> 
     </span>
     <span class='ocr_line' id='line_1_26' title="bbox 112 2353 1139 2432; baseline -0.006 -19"><span class='ocrx_word' id='word_1_219' title='bbox 112 2354 256 2432; x_wconf 86' lang='lat' dir='ltr'><strong>paulatim.</strong></span> <span class='ocrx_word' id='word_1_220' title='bbox 287 2353 376 2415; x_wconf 85' lang='lat' dir='ltr'><strong>Etdc</strong></span> <span class='ocrx_word' id='word_1_221' title='bbox 393 2355 634 2415; x_wconf 82' lang='lat' dir='ltr'><strong>loliishactenus.</strong></span> <span class='ocrx_word' id='word_1_222' title='bbox 1115 2366 1139 2407; x_wconf 81' lang='lat' dir='ltr'><strong>at</strong></span> 
     </span>
    </p>

    <p class='ocr_par' dir='ltr' id='par_1_4' title="bbox 69 2434 1108 2676">
     <span class='ocr_line' id='line_1_27' title="bbox 69 2434 1108 2516; baseline -0.003 -19"><span class='ocrx_word' id='word_1_223' title='bbox 69 2445 103 2497; x_wconf 81' lang='lat'><strong>93</strong></span> <span class='ocrx_word' id='word_1_224' title='bbox 173 2438 223 2496; x_wconf 83' lang='lat'><strong>25.</strong></span> <span class='ocrx_word' id='word_1_225' title='bbox 247 2438 331 2516; x_wconf 87' lang='grc'>(39.)</span> <span class='ocrx_word' id='word_1_226' title='bbox 364 2437 442 2498; x_wconf 90' lang='lat' dir='ltr'><strong>Ordo</strong></span> <span class='ocrx_word' id='word_1_227' title='bbox 458 2447 551 2497; x_wconf 90' lang='lat' dir='ltr'><strong>autem</strong></span> <span class='ocrx_word' id='word_1_228' title='bbox 566 2445 684 2495; x_wconf 88' lang='lat' dir='ltr'><strong>naturae</strong></span> <span class='ocrx_word' id='word_1_229' title='bbox 698 2452 805 2494; x_wconf 87' lang='lat' dir='ltr'><strong>annuus</strong></span> <span class='ocrx_word' id='word_1_230' title='bbox 821 2437 860 2494; x_wconf 90' lang='lat' dir='ltr'><strong>ita</strong></span> <span class='ocrx_word' id='word_1_231' title='bbox 875 2453 909 2494; x_wconf 86' lang='lat' dir='ltr'><strong>se</strong></span> <span class='ocrx_word' id='word_1_232' title='bbox 924 2434 1029 2496; x_wconf 86' lang='lat' dir='ltr'><strong>habet:</strong></span> <span class='ocrx_word' id='word_1_233' title='bbox 1048 2436 1108 2512; x_wconf 91' lang='lat' dir='ltr'><strong>pri·</strong></span> 
     </span>
     <span class='ocr_line' id='line_1_28' title="bbox 111 2518 1106 2599; baseline 0 -22"><span class='ocrx_word' id='word_1_234' title='bbox 111 2538 173 2578; x_wconf 90' lang='lat' dir='ltr'><strong>mus</strong></span> <span class='ocrx_word' id='word_1_235' title='bbox 195 2529 239 2578; x_wconf 90' lang='lat' dir='ltr'><strong>est</strong></span> <span class='ocrx_word' id='word_1_236' title='bbox 262 2531 421 2599; x_wconf 87' lang='lat' dir='ltr'><strong>conceptus</strong></span> <span class='ocrx_word' id='word_1_237' title='bbox 443 2521 514 2583; x_wconf 85' lang='lat' dir='ltr'><strong>dare</strong></span> <span class='ocrx_word' id='word_1_238' title='bbox 537 2520 694 2597; x_wconf 86' lang='lat' dir='ltr'><strong>incipiente</strong></span> <span class='ocrx_word' id='word_1_239' title='bbox 716 2527 803 2578; x_wconf 91' lang='lat' dir='ltr'><strong>vento</strong></span> <span class='ocrx_word' id='word_1_240' title='bbox 825 2518 960 2596; x_wconf 76' lang='lat' dir='ltr'><strong>favonio,</strong></span> <span class='ocrx_word' id='word_1_241' title='bbox 983 2535 1022 2577; x_wconf 87' lang='lat' dir='ltr'><strong>ex</strong></span> <span class='ocrx_word' id='word_1_242' title='bbox 1036 2535 1063 2577; x_wconf 89' lang='lat' dir='ltr'><strong>a.</strong></span> <span class='ocrx_word' id='word_1_243' title='bbox 1079 2518 1106 2577; x_wconf 94' lang='lat' dir='ltr'><strong>d.</strong></span> 
     </span>
     <span class='ocr_line' id='line_1_29' title="bbox 111 2600 1107 2676; baseline 0 -15"><span class='ocrx_word' id='word_1_244' title='bbox 111 2602 175 2662; x_wconf 87' lang='lat' dir='ltr'><strong>lere</strong></span> <span class='ocrx_word' id='word_1_245' title='bbox 196 2617 242 2662; x_wconf 83' lang='lat' dir='ltr'><strong>vt.</strong></span> <span class='ocrx_word' id='word_1_246' title='bbox 257 2604 320 2663; x_wconf 90' lang='lat' dir='ltr'><strong>idus</strong></span> <span class='ocrx_word' id='word_1_247' title='bbox 336 2602 486 2665; x_wconf 78' lang='lat' dir='ltr'><strong>Februari.</strong></span> <span class='ocrx_word' id='word_1_248' title='bbox 519 2604 576 2664; x_wconf 92' lang='lat' dir='ltr'><strong>hoc</strong></span> <span class='ocrx_word' id='word_1_249' title='bbox 596 2604 761 2662; x_wconf 89' lang='lat' dir='ltr'><strong>maritantur</strong></span> <span class='ocrx_word' id='word_1_250' title='bbox 779 2600 959 2662; x_wconf 86' lang='lat' dir='ltr'><strong>vivescentia</strong></span> <span class='ocrx_word' id='word_1_251' title='bbox 980 2619 996 2660; x_wconf 86' lang='lat' dir='ltr'><strong>e</strong></span> <span class='ocrx_word' id='word_1_252' title='bbox 1017 2609 1107 2676; x_wconf 85' lang='lat' dir='ltr'><strong>terra,</strong></span> 
     </span>
    </p>

    <p class='ocr_par' dir='ltr' id='par_1_5' title="bbox 69 2683 1139 2848">
     <span class='ocr_line' id='line_1_30' title="bbox 69 2683 1108 2764; baseline -0.004 -18"><span class='ocrx_word' id='word_1_253' title='bbox 69 2687 239 2764; x_wconf 72' lang='lat' dir='ltr'><strong>auoquippe</strong></span> <span class='ocrx_word' id='word_1_254' title='bbox 255 2703 318 2745; x_wconf 92' lang='lat' dir='ltr'><strong>cum</strong></span> <span class='ocrx_word' id='word_1_255' title='bbox 333 2689 417 2747; x_wconf 86' lang='lat' dir='ltr'><strong>etiam</strong></span> <span class='ocrx_word' id='word_1_256' title='bbox 440 2705 533 2764; x_wconf 91' lang='lat' dir='ltr'><strong>equae</strong></span> <span class='ocrx_word' id='word_1_257' title='bbox 555 2688 583 2744; x_wconf 93' lang='lat' dir='ltr'><strong>in</strong></span> <span class='ocrx_word' id='word_1_258' title='bbox 602 2685 754 2764; x_wconf 88' lang='lat' dir='ltr'><strong>Hispania,</strong></span> <span class='ocrx_word' id='word_1_259' title='bbox 778 2695 807 2744; x_wconf 89' lang='lat' dir='ltr'><strong>ut</strong></span> <span class='ocrx_word' id='word_1_260' title='bbox 827 2685 957 2744; x_wconf 84' lang='lat' dir='ltr'><strong>diximus.</strong></span> <span class='ocrx_word' id='word_1_261' title='bbox 993 2683 1043 2744; x_wconf 91' lang='lat' dir='ltr'><strong>hic</strong></span> <span class='ocrx_word' id='word_1_262' title='bbox 1064 2693 1108 2743; x_wconf 87' lang='lat' dir='ltr'><strong>cst</strong></span> 
     </span>
     <span class='ocr_line' id='line_1_31' title="bbox 112 2767 1139 2848; baseline -0.008 -19"><span class='ocrx_word' id='word_1_263' title='bbox 112 2769 246 2848; x_wconf 88' lang='lat' dir='ltr'><strong>genitalis</strong></span> <span class='ocrx_word' id='word_1_264' title='bbox 262 2771 378 2847; x_wconf 88' lang='lat' dir='ltr'><strong>spiritus</strong></span> <span class='ocrx_word' id='word_1_265' title='bbox 395 2771 489 2829; x_wconf 91' lang='lat' dir='ltr'><strong>mundi</strong></span> <span class='ocrx_word' id='word_1_266' title='bbox 504 2788 520 2830; x_wconf 89' lang='lat' dir='ltr'><strong>a</strong></span> <span class='ocrx_word' id='word_1_267' title='bbox 533 2769 660 2828; x_wconf 85' lang='lat' dir='ltr'><strong>fovendo</strong></span> <span class='ocrx_word' id='word_1_268' title='bbox 676 2768 780 2844; x_wconf 91' lang='lat' dir='ltr'><strong>dictus,</strong></span> <span class='ocrx_word' id='word_1_269' title='bbox 797 2777 826 2828; x_wconf 92' lang='lat' dir='ltr'><strong>ut</strong></span> <span class='ocrx_word' id='word_1_270' title='bbox 838 2767 952 2846; x_wconf 87' lang='lat' dir='ltr'><strong>quidam</strong></span> <span class='ocrx_word' id='word_1_271' title='bbox 962 2768 1139 2827; x_wconf 86' lang='lat' dir='ltr'><strong>existima-ac</strong></span> 
     </span>
    </p>

    <p class='ocr_par' dir='ltr' id='par_1_6' title="bbox 71 2850 1139 3497">
     <span class='ocr_line' id='line_1_32' title="bbox 71 2850 1109 2931; baseline -0.009 -13"><span class='ocrx_word' id='word_1_272' title='bbox 71 2857 193 2918; x_wconf 74' lang='lat' dir='ltr'><strong>uslere.</strong></span> <span class='ocrx_word' id='word_1_273' title='bbox 223 2852 273 2914; x_wconf 84' lang='lat' dir='ltr'><strong>lar</strong></span> <span class='ocrx_word' id='word_1_274' title='bbox 287 2853 322 2913; x_wconf 89' lang='lat' dir='ltr'><strong>ab</strong></span> <span class='ocrx_word' id='word_1_275' title='bbox 338 2871 445 2914; x_wconf 88' lang='lat' dir='ltr'><strong>occasu</strong></span> <span class='ocrx_word' id='word_1_276' title='bbox 462 2853 665 2931; x_wconf 88' lang='lat' dir='ltr'><strong>aequinoctiali</strong></span> <span class='ocrx_word' id='word_1_277' title='bbox 680 2869 733 2912; x_wconf 86' lang='lat' dir='ltr'><strong>ver</strong></span> <span class='ocrx_word' id='word_1_278' title='bbox 748 2853 896 2912; x_wconf 89' lang='lat' dir='ltr'><strong>inchoans.</strong></span> <span class='ocrx_word' id='word_1_279' title='bbox 931 2850 1109 2910; x_wconf 87' lang='lat' dir='ltr'><strong>catlitionem</strong></span> 
     </span>
     <span class='ocr_line' id='line_1_33' title="bbox 112 2934 1108 3013; baseline -0.004 -17"><span class='ocrx_word' id='word_1_280' title='bbox 112 2938 211 2997; x_wconf 92' lang='lat' dir='ltr'><strong>rustici</strong></span> <span class='ocrx_word' id='word_1_281' title='bbox 225 2946 347 3012; x_wconf 89' lang='lat' dir='ltr'><strong>vocant,</strong></span> <span class='ocrx_word' id='word_1_282' title='bbox 370 2937 514 3013; x_wconf 87' lang='lat' dir='ltr'><strong>gestiente</strong></span> <span class='ocrx_word' id='word_1_283' title='bbox 533 2944 633 2995; x_wconf 87' lang='lat' dir='ltr'><strong>natura</strong></span> <span class='ocrx_word' id='word_1_284' title='bbox 653 2937 761 2995; x_wconf 88' lang='lat' dir='ltr'><strong>semina</strong></span> <span class='ocrx_word' id='word_1_285' title='bbox 779 2934 917 3012; x_wconf 88' lang='lat' dir='ltr'><strong>accipere</strong></span> <span class='ocrx_word' id='word_1_286' title='bbox 937 2934 1108 3012; x_wconf 85' lang='lat' dir='ltr'><strong>eaqueani-</strong></span> 
     </span>
     <span class='ocr_line' id='line_1_34' title="bbox 112 3016 1109 3097; baseline -0.002 -19"><span class='ocrx_word' id='word_1_287' title='bbox 112 3037 185 3079; x_wconf 88' lang='lat' dir='ltr'><strong>mam</strong></span> <span class='ocrx_word' id='word_1_288' title='bbox 198 3019 341 3079; x_wconf 79' lang='lat' dir='ltr'><strong>inferente</strong></span> <span class='ocrx_word' id='word_1_289' title='bbox 356 3019 486 3078; x_wconf 90' lang='lat' dir='ltr'><strong>omnibus</strong></span> <span class='ocrx_word' id='word_1_290' title='bbox 502 3019 581 3079; x_wconf 91' lang='lat' dir='ltr'><strong>satis.</strong></span> <span class='ocrx_word' id='word_1_291' title='bbox 613 3020 777 3097; x_wconf 91' lang='lat' dir='ltr'><strong>concipiunt</strong></span> <span class='ocrx_word' id='word_1_292' title='bbox 791 3019 878 3078; x_wconf 85' lang='lat' dir='ltr'><strong>variis</strong></span> <span class='ocrx_word' id='word_1_293' title='bbox 891 3016 996 3077; x_wconf 84' lang='lat' dir='ltr'><strong>diebus</strong></span> <span class='ocrx_word' id='word_1_294' title='bbox 1009 3027 1040 3077; x_wconf 90' lang='lat' dir='ltr'><strong>et</strong></span> <span class='ocrx_word' id='word_1_295' title='bbox 1055 3033 1109 3096; x_wconf 96' lang='lat' dir='ltr'><strong>pro</strong></span> 
     </span>
     <span class='ocr_line' id='line_1_35' title="bbox 113 3100 1108 3180; baseline -0.002 -20"><span class='ocrx_word' id='word_1_296' title='bbox 113 3121 164 3161; x_wconf 92' lang='lat' dir='ltr'><strong>sua</strong></span> <span class='ocrx_word' id='word_1_297' title='bbox 180 3120 311 3180; x_wconf 87' lang='lat' dir='ltr'><strong>quaeque</strong></span> <span class='ocrx_word' id='word_1_298' title='bbox 334 3111 450 3177; x_wconf 90' lang='lat' dir='ltr'><strong>natura,</strong></span> <span class='ocrx_word' id='word_1_299' title='bbox 475 3103 530 3162; x_wconf 89' lang='lat' dir='ltr'><strong>alia</strong></span> <span class='ocrx_word' id='word_1_300' title='bbox 548 3103 692 3180; x_wconf 90' lang='lat' dir='ltr'><strong>protinus,</strong></span> <span class='ocrx_word' id='word_1_301' title='bbox 714 3110 744 3162; x_wconf 90' lang='lat' dir='ltr'><strong>ut</strong></span> <span class='ocrx_word' id='word_1_302' title='bbox 761 3101 907 3175; x_wconf 86' lang='lat' dir='ltr'><strong>anirualia,</strong></span> <span class='ocrx_word' id='word_1_303' title='bbox 930 3100 1040 3160; x_wconf 86' lang='lat' dir='ltr'><strong>tardius</strong></span> <span class='ocrx_word' id='word_1_304' title='bbox 1058 3100 1108 3160; x_wconf 90' lang='lat' dir='ltr'><strong>ali·</strong></span> 
     </span>
     <span class='ocr_line' id='line_1_36' title="bbox 113 3183 1139 3263; baseline 0 -19"><span class='ocrx_word' id='word_1_305' title='bbox 113 3203 168 3263; x_wconf 89' lang='lat' dir='ltr'><strong>qua</strong></span> <span class='ocrx_word' id='word_1_306' title='bbox 184 3194 213 3245; x_wconf 92' lang='lat' dir='ltr'><strong>et</strong></span> <span class='ocrx_word' id='word_1_307' title='bbox 225 3184 329 3245; x_wconf 92' lang='lat' dir='ltr'><strong>diutius</strong></span> <span class='ocrx_word' id='word_1_308' title='bbox 349 3185 468 3262; x_wconf 88' lang='lat' dir='ltr'><strong>gravida</strong></span> <span class='ocrx_word' id='word_1_309' title='bbox 487 3186 726 3263; x_wconf 83' lang='lat' dir='ltr'><strong>partus&#39;geruut,</strong></span> <span class='ocrx_word' id='word_1_310' title='bbox 748 3184 825 3263; x_wconf 93' lang='lat' dir='ltr'><strong>quod</strong></span> <span class='ocrx_word' id='word_1_311' title='bbox 849 3185 1021 3260; x_wconf 87' lang='lat' dir='ltr'><strong>germinatio</strong></span> <span class='ocrx_word' id='word_1_312' title='bbox 1040 3183 1139 3245; x_wconf 74' lang='lat' dir='ltr'><strong>ideou</strong></span> 
     </span>
     <span class='ocr_line' id='line_1_37' title="bbox 112 3267 1110 3347; baseline -0.001 -19"><span class='ocrx_word' id='word_1_313' title='bbox 112 3278 241 3328; x_wconf 87' lang='lat' dir='ltr'><strong>vocatur.</strong></span> <span class='ocrx_word' id='word_1_314' title='bbox 262 3269 375 3346; x_wconf 92' lang='lat' dir='ltr'><strong>pariunt</strong></span> <span class='ocrx_word' id='word_1_315' title='bbox 390 3285 472 3347; x_wconf 87' lang='lat' dir='ltr'><strong>vero,</strong></span> <span class='ocrx_word' id='word_1_316' title='bbox 485 3286 547 3328; x_wconf 93' lang='lat' dir='ltr'><strong>cum</strong></span> <span class='ocrx_word' id='word_1_317' title='bbox 563 3268 677 3344; x_wconf 85' lang='lat' dir='ltr'><strong>dorent,</strong></span> <span class='ocrx_word' id='word_1_318' title='bbox 693 3269 807 3347; x_wconf 84' lang='lat' dir='ltr'><strong>llosque</strong></span> <span class='ocrx_word' id='word_1_319' title='bbox 822 3268 871 3327; x_wconf 88' lang='lat' dir='ltr'><strong>ille</strong></span> <span class='ocrx_word' id='word_1_320' title='bbox 887 3267 980 3344; x_wconf 85' lang='lat' dir='ltr'><strong>ruptis</strong></span> <span class='ocrx_word' id='word_1_321' title='bbox 997 3276 1110 3328; x_wconf 87' lang='lat' dir='ltr'><strong>constat</strong></span> 
     </span>
     <span class='ocr_line' id='line_1_38' title="bbox 111 3348 1109 3430; baseline -0.004 -17"><span class='ocrx_word' id='word_1_322' title='bbox 111 3352 256 3430; x_wconf 91' lang='lat' dir='ltr'><strong>utriculis,</strong></span> <span class='ocrx_word' id='word_1_323' title='bbox 275 3352 408 3413; x_wconf 87' lang='lat' dir='ltr'><strong>educatio</strong></span> <span class='ocrx_word' id='word_1_324' title='bbox 425 3353 453 3412; x_wconf 91' lang='lat' dir='ltr'><strong>in</strong></span> <span class='ocrx_word' id='word_1_325' title='bbox 470 3368 555 3430; x_wconf 90' lang='lat' dir='ltr'><strong>pomo</strong></span> <span class='ocrx_word' id='word_1_326' title='bbox 572 3361 625 3412; x_wconf 91' lang='lat' dir='ltr'><strong>est.</strong></span> <span class='ocrx_word' id='word_1_327' title='bbox 656 3351 712 3411; x_wconf 93' lang='lat' dir='ltr'><strong>hoc</strong></span> <span class='ocrx_word' id='word_1_328' title='bbox 726 3360 755 3410; x_wconf 93' lang='lat' dir='ltr'><strong>et</strong></span> <span class='ocrx_word' id='word_1_329' title='bbox 774 3351 945 3428; x_wconf 89' lang='lat' dir='ltr'><strong>germinatio</strong></span> <span class='ocrx_word' id='word_1_330' title='bbox 961 3348 1048 3411; x_wconf 92' lang='lat' dir='ltr'><strong>labor</strong></span> <span class='ocrx_word' id='word_1_331' title='bbox 1065 3368 1109 3410; x_wconf 88' lang='lat' dir='ltr'><strong>ar·</strong></span> 
     </span>
     <span class='ocr_line' id='line_1_39' title="bbox 111 3438 222 3497; baseline -0.018 0"><span class='ocrx_word' id='word_1_332' title='bbox 111 3438 222 3497; x_wconf 91' lang='lat' dir='ltr'><strong>borum.</strong></span> 
     </span>
    </p>
   </div>
   <div class='ocr_carea' id='block_1_3' title="bbox 0 0 1216 3840">
    <p class='ocr_par' dir='ltr' id='par_1_7' title="bbox 0 0 1216 3840">
     <span class='ocr_line' id='line_1_40' title="bbox 0 0 1216 3840; baseline 0 0"><span class='ocrx_word' id='word_1_333' title='bbox 0 0 1216 3840; x_wconf 95' lang='lat' dir='ltr'><strong> </strong></span> 
     </span>
    </p>
   </div>
  </div>
 </body>
</html>
