2422 3840
121 128 165 212 'lo
447 163 477 211 c.
495 164 591 210 amm
607 163 757 211 sacuam

122 321 282 398 praetenue
300 320 478 397 longumque
495 327 524 378 et
540 334 678 378 mucrone
699 317 873 378 aculeatum.
904 318 989 396 pinus
1004 317 1063 379 fert
1077 318 1129 378 mi·

80 419 135 461 suu
147 421 260 462 numum
274 404 407 477 resinae,
430 402 572 462 interdum
591 411 620 461 et
637 401 759 462 nucibus
771 403 843 480 ipsis
855 401 892 462 de
904 401 1010 481 quibus
1020 402 1130 464 dictum

121 496 177 562 est,
194 488 302 564 vixque
318 494 350 545 ut
364 485 546 546 adscribatur
561 488 673 562 generi.

77 580 112 634 39
187 570 271 648 (17.)
299 569 430 630 Pinaster
445 569 515 630 nihil
531 578 577 629 est
594 570 671 629 aliud
686 587 770 648 quam
792 571 876 648 pinus
897 569 1041 630 silvestris
1056 569 1131 630 mira

121 653 270 714 altitudine
293 662 322 714 et
342 672 358 714 a
379 655 474 714 medio
496 670 610 714 ramosa
632 655 708 713 sicut
728 655 812 732 pinus
826 655 856 713 in
870 654 993 714 vertice.
1025 654 1151 732 sopio-l

78 738 254 804 crassiorem
270 738 317 799 dat
333 738 407 807 baec
419 739 544 799 resinam
558 755 616 816 quo
637 738 767 798 dicemus
782 737 879 797 modo.
908 738 1037 815 gignitur
1053 747 1083 798 et
1099 739 1129 797 in

119 821 224 897 planis.
254 821 382 882 Easdem
399 822 522 883 arbores
539 822 596 882 alio
617 823 732 881 nomine
759 839 827 881 esse
848 840 903 900 per
925 839 1006 882 oram
1023 820 1128 884 ltaliae

119 922 193 983 quos
209 906 316 966 tibulos
328 915 435 965 vocant
447 907 581 985 plerique
592 906 784 981 arbitrantur,
806 904 859 965 sed
879 905 998 983 gracilis
1013 902 1145 966 saccini

120 990 287 1067 otioresque
305 999 341 1049 et·
350 990 452 1049 enodis
467 989 672 1049 liburnicarum
687 989 723 1048 ad
735 1007 815 1065 usus,
829 1006 925 1067 paene
937 990 999 1049 sine
1014 991 1126 1049 resina.

74 1082 110 1136 40
180 1073 265 1152 (18.)
292 1073 381 1132 Picea
399 1075 503 1133 montis
526 1082 601 1133 amat
617 1083 703 1150 atque
718 1073 844 1150 frigora,
866 1073 967 1133 feralis
989 1072 1079 1133 arbor
1096 1082 1163 1134 etro

117 1155 232 1216 funebri
249 1155 355 1216 indicio
371 1157 501 1218 adfores
517 1159 612 1235 posita
633 1175 667 1216 ac
682 1158 763 1233 rogis
778 1159 887 1234 virens,
910 1159 967 1217 iam
982 1166 1079 1217 tamen
1096 1165 1127 1217 et

118 1242 146 1299 in
162 1240 265 1300 domos
280 1251 402 1319 recepta
416 1242 514 1300 tonsili
529 1241 678 1301 facilitate.
705 1240 779 1301 baec
795 1242 955 1319 plurumam
973 1240 1066 1301 fundit
1082 1241 1125 1300 in·

118 1325 300 1384 terveniente
317 1324 439 1385 candida
461 1342 591 1402 gemma,
612 1332 669 1384 tam
685 1324 770 1384 simili
790 1326 862 1384 turis
878 1333 909 1385 ut
923 1325 1012 1385 mixta
1028 1325 1125 1385 avisu

73 1415 107 1470 41
118 1408 244 1468 discerni
258 1426 316 1469 non
332 1417 429 1486 queat,
443 1408 519 1469 unde
534 1410 613 1469 fraus
625 1408 789 1487 Seplasiae.
821 1407 958 1468 Omnibus
971 1408 1017 1468 bis
1032 1426 1124 1486 geue·

116 1492 195 1552 ribus
214 1491 285 1553 folia
310 1492 392 1553 brevi
416 1503 497 1553 saeta
519 1503 548 1553 et
564 1494 710 1553 crassiore
732 1493 862 1571 duraque
884 1511 939 1552 ceu
959 1494 1120 1571 cupressis.
1135 1511 1160 1554 rs

116 1578 219 1655 piceae
236 1579 308 1638 rami
320 1595 413 1656 paene
424 1579 518 1639 statim
527 1578 563 1639 ab
570 1577 670 1637 radice
685 1578 791 1638 modici
804 1577 885 1636 velut
897 1575 1034 1636 bracchia
1048 1575 1121 1636 late·

115 1660 194 1720 ribus
207 1661 368 1737 inhaerent,
382 1662 514 1721 similiter
525 1662 615 1721 abieti
628 1663 777 1738 expetitae
788 1661 922 1738 navigiis.
948 1663 1018 1720 situs
1030 1659 1060 1718 in
1072 1678 1123 1720 ex·

116 1745 198 1804 celso
217 1747 371 1824 montium,
395 1763 450 1803 ceu
467 1746 556 1804 maria
571 1745 690 1821 fugerit,
707 1763 763 1805 nec
778 1744 870 1805 forma
888 1744 954 1805 alia.
985 1745 1124 1804 materies

72 1836 105 1890 42
117 1845 189 1887 vero
206 1829 364 1906 praecipua
376 1826 507 1887 trabibus
520 1837 549 1887 et
563 1828 702 1905 plurumis
715 1830 792 1888 vitae
804 1828 954 1907 operibus.
985 1828 1083 1887 resina
1096 1827 1124 1888 ei

79 1961 80 1964 ,
114 1912 224 1986 vitium,
239 1910 315 1970 unde
328 1911 438 1970 fructus
450 1912 566 1989 piceae,
584 1912 776 1990 exiguumque
789 1912 873 1972 sudat
885 1910 1039 1990 aliquando
1052 1925 1159 1971 oon-ro

114 2004 193 2055 tactu
208 1994 291 2054 solis.
328 2013 344 2054 e
360 1994 477 2054 diverso
493 1995 641 2071 materies,
664 2014 738 2075 quae
753 1995 841 2056 abieti
858 1996 1063 2073 pulcherrima,
1078 1996 1121 2074 pi·

114 2096 187 2138 oeae
202 2079 239 2138 ad
254 2078 352 2138 fissilis
368 2078 523 2139 scandulas
538 2097 688 2157 cupasque
703 2089 731 2138 et
746 2098 839 2158 pauca
855 2080 912 2141 alia
927 2088 1106 2140 secamenta.

71 2170 106 2225 43
179 2162 264 2242 (19.)
292 2162 397 2235 Quinto
411 2165 514 2240 generi
529 2165 602 2223 situs
617 2164 709 2240 idem,
725 2164 816 2224 facies
833 2164 944 2224 eadem.
976 2164 1051 2223 larix
1067 2180 1119 2223 vo-

115 2255 205 2306 catur.
232 2249 369 2307 materies
385 2249 581 2326 praestantior
592 2248 681 2324 longe
692 2250 911 2325 -incorrupta
923 2248 951 2308 ei
961 2249 1006 2307 vis
1018 2265 1120 2307 umore

112 2339 267 2391 contumax
280 2365 333 2408 -‚
358 2330 466 2391 rubens
485 2340 640 2410 praeterea
658 2341 688 2390 et
711 2332 803 2391 odore
821 2333 928 2392 acrior.
955 2331 1120 2410 plusculum
1129 2349 1155 2390 aa

114 2415 181 2475 huic
198 2417 321 2494 erumpit
339 2416 461 2494 liquoris
476 2415 584 2475 melleo
600 2413 702 2474 colore
718 2424 805 2493 atque
819 2415 949 2491 lentore,
967 2432 1121 2494 numquam

71 2498 305 2562 stdurescemis.
324 2499 442 2558 Sextum
451 2517 544 2576 genus
554 2507 600 2557 est
608 2498 692 2558 taeda
700 2500 820 2576 proprie
832 2499 920 2575 dicta,
929 2497 1121 2559 abundantior

112 2598 183 2641 suco
200 2600 285 2660 quam
298 2582 422 2660 reliqua,
439 2583 557 2660 parcior
569 2581 763 2660 liquidiorque
780 2601 866 2663 quam
882 2585 979 2661 picea,
998 2582 1120 2644 dammis

113 2683 148 2725 ac
162 2665 259 2725 lumini
275 2683 426 2725 sacrorum
439 2667 525 2725 etiam
540 2674 633 2742 grata.
662 2666 728 2742 hae,
745 2684 840 2726 mares
852 2666 1008 2747 dumtaxat,
1023 2666 1121 2727 ferunt

113 2758 141 2809 et
158 2767 222 2809 eam
238 2767 322 2827 quam
338 2747 443 2810 Graeci
458 2766 550 2824 sycen
564 2759 680 2825 vocant,
701 2751 800 2810 odoris
815 2751 987 2827 gravissimi.
1019 2749 1154 2811 laricisao

68 2832 231 2895 admorbus
254 2842 299 2893 est
312 2843 342 2893 ut
359 2833 445 2894 taeda
467 2833 525 2892 liat.
553 2831 653 2892 Omnia
675 2843 770 2894 autem
785 2834 859 2895 baec
869 2853 980 2913 genera
991 2851 1119 2895 accensa

112 2916 223 2993 fulgine
240 2917 383 2978 inmodica
399 2916 556 2977 carbonem
572 2927 695 2995 repente
715 2927 859 2997 exspuunt
877 2937 941 2979 cum
957 2918 1118 2996 eruptionis

111 3001 224 3078 crepitu
242 3001 479 3080 eiaculanturque
503 3000 592 3077 longe
616 3010 740 3081 excepta
764 3002 855 3062 larice
872 3020 947 3080 quae
962 3019 1018 3062 uec
1033 3002 1118 3062 ardet

110 3101 166 3142 nec
180 3084 337 3145 carbonem
356 3085 427 3146 lacit
449 3103 505 3145 uec
521 3085 579 3145 alio
595 3086 682 3146 modo
698 3087 773 3164 ignis
794 3089 822 3146 vi
841 3082 1018 3149 consumitur
1032 3105 1120 3167 quam

111 3166 235 3245 lapides.
267 3167 367 3228 Omnia
383 3187 418 3230 ea
432 3179 577 3248 perpetuo
591 3170 687 3231 virent
701 3189 757 3231 nec
768 3170 857 3233 facile
873 3169 1076 3233 discernuntur
1089 3174 1153 3232 inas

68 3259 102 3314 46
112 3251 217 3312 fronde
232 3253 349 3333 etiams
364 3254 477 3332 peritis,
493 3262 571 3316 tanta
587 3256 724 3317 natalium
738 3256 861 3317 mixtura
878 3265 932 3316 est.
963 3256 1017 3315 sed
1032 3257 1118 3334 picea

111 3336 202 3396 minus
219 3335 276 3397 alta
291 3354 375 3415 quam
397 3338 486 3418 larix,
508 3339 559 3399 illa
576 3342 704 3400 crassior
724 3339 880 3419 leviorque
896 3341 1022 3415 cortice,
1043 3339 1117 3399 folio

108 3419 251 3498 villosior,
268 3421 403 3500 pinguior
419 3431 448 3482 et
463 3423 581 3483 densior
594 3424 710 3484 mollius
727 3423 817 3501 dexo,
838 3442 873 3486 ac
887 3425 991 3502 piceas
1006 3423 1117 3482 rariora
