2422 3840
378 195 457 242 nnn.
472 193 564 243 ursa.
579 197 667 244 xxn.
682 193 725 244 22.
741 184 893 261 (el-46.)
1079 177 1140 242 283

131 350 211 411 hibet
227 351 309 409 vesci
323 357 354 407 nt
368 347 486 406 morbos
500 348 643 423 faciente,
662 349 698 408 de
710 349 777 408 albo
794 349 988 410 consentiens.
1012 347 1140 423 Agatho·

132 434 194 493 oles
214 433 298 492 etiam
315 441 414 491 contra
431 433 598 508 sanguinem
614 433 687 491 tauri
703 433 881 493 demonstrat
895 451 994 493 sucum
1007 432 1080 506 eius,
1096 450 1141 490 re-

131 517 346 591 frigeratoriam
361 525 456 574 tamen
471 517 527 573 vim
543 533 610 574 esse
627 517 762 575 convenit
780 519 864 594 nigro
880 526 909 576 et
927 517 982 577 hac
998 533 1085 574 causa
1100 516 1141 574 in·

132 600 296 677 ponendum
312 616 376 658 oum
392 597 520 676 polenta.
553 598 633 658 Zeno
649 599 749 659 radice
769 600 827 661 albi
849 601 1038 676 stranguriam
1054 599 1142 660 docet

107 686 239 744 ⁵sanari.

193 767 277 845 (45.)
302 763 450 825 condrion
462 766 526 823 sive
539 764 709 840 chondrylle
722 766 792 826 lolia
801 765 890 824 habet
901 765 1001 840 intubi,
1019 766 1137 825 circum·
1150 773 1183 827 91

129 851 207 910 rosis
222 848 341 924 similia,
359 849 471 908 caulem
485 851 576 908 minus
591 848 750 927 pedalem,
766 866 835 909 suco
852 849 1014 908 madentem
1032 866 1140 923 amaro,

130 933 230 993 radice
251 932 337 993 iabae
360 933 463 1007 simili,
490 933 643 1010 aliquando
668 950 831 993 numerosa.
865 932 953 992 habet
973 949 1141 1009 proxumam

131 1028 229 1077 terrae
249 1015 409 1076 mastichen
425 1016 577 1076 tuberculo
600 1016 702 1091 labae,
725 1034 799 1094 qnae
822 1017 952 1095 adposita
974 1015 1142 1075 feminarum

98 1110 121 1150 1⁰
131 1118 248 1160 menses
269 1098 383 1159 trahere
401 1101 513 1160 dicitnr.
545 1109 628 1161 tunsa
644 1118 708 1159 oum
723 1101 869 1160 radicibus
883 1109 943 1160 tota
963 1099 1098 1159 dividitur
1114 1100 1142 1157 in

131 1184 266 1263 pastillos
283 1193 383 1243 contra
402 1185 547 1262 serpentis
561 1193 729 1261 argumento
746 1183 909 1262 probabili,
925 1184 1067 1262 siquidem
1081 1200 1140 1242 mn·
1184 1251 1189 1260 ‚

130 1286 179 1328 ros
202 1276 337 1343 agrestes
358 1267 430 1326 laesi
456 1268 492 1327 ab
510 1269 546 1326 iis
562 1267 637 1327 hanc
653 1286 720 1328 esse
743 1269 885 1327 dicuntur.
916 1286 1003 1327 sucus
1020 1287 1057 1327 ex
1074 1269 1141 1326 vino

132 1360 236 1411 coctae
256 1350 351 1410 alvom
376 1351 461 1410 sistit.
497 1352 599 1411 eadem
621 1350 827 1428 palpebrarum
841 1351 919 1429 pilos
934 1351 1141 1411 inordinatissi-

131 1450 194 1493 mos
212 1452 265 1512 pro
287 1435 388 1493 cummi
404 1434 608 1494 efficacissime
628 1442 713 1510 regrt.
751 1434 919 1494 Dorotheus
941 1434 1091 1493 stomacho
1113 1443 1143 1493 et

97 1529 123 1570 1⁶
133 1516 373 1577 concoctionibus
399 1517 498 1576 utilem
526 1517 698 1577 carminibus
723 1519 783 1576 suis
810 1519 1014 1596 pronuntiavit.
1054 1517 1143 1595 aliqui

131 1601 245 1660 leminis
261 1609 289 1660 et
305 1601 398 1660 oculis
410 1601 649 1679 generationique
666 1602 793 1659 uirorum
806 1601 977 1662 contrariam
989 1609 1141 1678 putavere.

194 1684 277 1762 (46.)
301 1683 379 1742 luter
396 1701 521 1762 eaquae
537 1692 648 1743 temere
664 1684 833 1745 manduntur
848 1694 877 1745 et
893 1684 1010 1744 boletos
1034 1684 1137 1744 merito
1150 1691 1183 1744 92

131 1769 295 1847 posuerim,
327 1767 415 1844 opimi
436 1767 552 1845 quidem
573 1767 627 1828 hos
645 1767 719 1841 cibi,
746 1769 799 1828 scd
816 1769 945 1828 inmenso
961 1768 1097 1846 exemplo
1112 1768 1141 1825 in

133 1853 241 1911 crimen
262 1851 402 1911 adductos
423 1867 538 1910 veneno
559 1850 676 1911 Tiberio
702 1848 824 1913 Claudio
849 1853 972 1931 principi
993 1870 1047 1929 per
1067 1851 1142 1910 hanc

96 1947 122 1988 2⁰
132 1936 316 1995 occasionem
333 1953 349 1994 a
366 1937 489 2013 coniuge
510 1934 671 2013 Agrippina
694 1934 778 2010 dato,
802 1954 859 2014 qno
882 1936 960 1997 iacto
983 1935 1033 1995 illa
1055 1935 1140 1994 terris

130 2036 272 2078 venenum
294 2019 415 2078 alterum
437 2019 551 2096 sibique
574 2029 640 2079 aute
662 2020 754 2079 omnis
778 2018 925 2081 Neronem
948 2037 1028 2079 suum
1052 2017 1139 2078 dedit.

132 2101 309 2179 quorundam
325 2119 363 2160 ex
378 2101 422 2160 his
433 2100 521 2160 facile
536 2113 693 2161 noscuntur
703 2121 817 2163 venena
832 2105 921 2164 diluto
936 2103 1060 2176 rubore,
1077 2119 1140 2160 ran·
1176 2174 1178 2179 ,

59 2186 62 2191 '
132 2183 197 2243 cido
213 2184 371 2260 adspectu,
393 2183 481 2242 livido
494 2185 569 2243 intus
592 2185 710 2260 colore,
731 2187 837 2245 rimosa
859 2189 945 2260 stria,
963 2184 1071 2262 pallido
1087 2202 1141 2262 per

132 2266 266 2327 ambitum
282 2266 375 2327 labro.
401 2266 466 2326 Non
482 2276 547 2326 sunt
563 2267 636 2328 haec
652 2269 679 2326 in
695 2269 881 2346 quibusdam,
898 2270 1028 2344 siccique
1043 2277 1072 2326 et
1087 2285 1136 2327 ve·
1149 2275 1183 2329 93

96 2362 123 2403 2⁶
133 2353 173 2410 ris
189 2351 299 2411 similes
314 2351 404 2410 veluti
419 2360 517 2427 guttas
533 2353 561 2410 in
576 2353 687 2411 vertice
705 2353 787 2412 albas
800 2370 837 2411 ex
848 2353 943 2412 tunica
961 2369 1013 2411 sua
1025 2359 1139 2427 gerunt.

131 2434 246 2494 volvam
256 2435 332 2494 enim
344 2443 421 2495 terra
433 2435 471 2494 ob
486 2435 543 2494 hoc
557 2437 637 2513 prius
653 2437 763 2513 gignit,
779 2437 870 2514 ipsum
882 2443 987 2514 postea
1003 2435 1032 2494 in
1042 2434 1139 2509 volva,

132 2535 188 2577 eeu
203 2519 232 2576 in
246 2535 304 2577 ovo
318 2527 363 2577 est
378 2519 494 2579 luteum.
528 2537 584 2579 nec
604 2521 719 2578 tunicae
733 2520 826 2578 minor
846 2520 939 2595 gratia
961 2519 990 2576 iu
1011 2516 1077 2577 cibo
1099 2518 1139 2575 in·

131 2601 216 2660 fantis
229 2600 330 2660 boleti.
358 2603 497 2679 rumpitur
510 2602 585 2662 haec
598 2604 690 2681 primo
705 2612 861 2678 nascente,
877 2620 945 2662 mox
957 2603 1140 2661 increscente

130 2684 160 2742 in
181 2683 307 2761 pediculi
321 2700 429 2762 corpus
444 2684 618 2761 absumitur,
636 2703 732 2745 rarum
743 2704 876 2764 nmquam
890 2686 1011 2762 geminis
1030 2704 1069 2746 en
1084 2701 1139 2744 uno

95 2776 123 2817 ³⁰
134 2767 221 2845 pede.
257 2768 341 2844 origo
366 2769 456 2845 prima
479 2786 626 2847 causaque
646 2788 663 2828 e
685 2769 752 2829 limo
769 2778 798 2828 et
818 2779 975 2830 acescente
991 2785 1063 2830 suco
1080 2787 1136 2828 ma·
1148 2775 1183 2830 94

132 2850 227 2910 dentis
247 2859 343 2910 terrae
365 2861 413 2910 ant
432 2852 539 2912 radicis
560 2853 625 2912 lere
650 2852 847 2928 glandiferae,
880 2854 1020 2930 initioque
1040 2869 1140 2930 spuma

132 2933 254 3007 lentior,
271 2933 337 2993 dein
354 2951 461 3011 corpus
476 2935 661 2996 membranae
676 2937 785 3009 simile,
804 2953 872 2997 mox
885 2945 1003 3015 partus,
1020 2943 1050 2994 nt
1066 2935 1167 2995 dixi-n

131 3035 211 3091 mus,
234 3017 283 3076 illa
297 3019 447 3096 perniciali
466 3021 580 3098 iamque
595 3019 735 3097 probandi
754 3019 828 3079 alea.
852 3021 877 3079 si
890 3018 1025 3095 caligaris
1041 3019 1140 3079 clauos

132 3101 241 3160 ferrive
249 3101 455 3178 aliqnarobigo
469 3105 608 3180 autpanni
616 3119 730 3162 marcor
740 3102 863 3162 adiuerit
872 3105 1012 3177 nascenti,
1028 3119 1141 3162 omnem

96 3183 212 3244 asellico
235 3201 336 3243 sucum
356 3184 478 3244 alienum
493 3203 687 3264 saporemque
705 3188 733 3246 in
750 3203 892 3245 venenum
910 3188 1075 3265 concoquit.
1092 3186 1140 3245 de·
1205 3197 1208 3201 ’

133 3267 324 3343 prehendisse
340 3268 388 3345 qni
403 3270 458 3327 nisi
480 3279 612 3346 agrestes
628 3267 770 3347 possunt?
799 3279 886 3348 atque
904 3288 979 3349 quae
995 3270 1134 3346 colligunt
1149 3276 1182 3330 95

132 3349 188 3425 ipsi
203 3351 258 3411 alia
272 3348 361 3411 uitia?
391 3370 428 3411 ne
444 3353 573 3430 qnidam,
590 3355 614 3412 si
629 3355 775 3431 serpentis
795 3371 921 3415 caverna
942 3355 1020 3414 iuxta
1043 3354 1139 3428 iuuerit,

134 3432 158 3489 si
173 3442 371 3509 patescentem
391 3437 484 3514 primo
500 3436 694 3514 adhalaverit,
716 3438 817 3517 capaci
837 3455 1145 3508 venenorumcom-
