2422 3840
146 185 207 246 296
518 201 548 249 c.
564 202 662 250 111111
677 201 826 251 sucum-or

146 353 187 412 cis
204 353 362 430 purulentis
377 355 636 415 exscreationibus.
678 355 760 415 datur
775 363 804 414 et
817 356 901 432 regio
915 355 1018 416 morbo
1035 365 1065 415 et
1080 356 1151 415 lum-

144 435 245 495 borum
256 439 346 512 vitiis,
362 438 538 516 pleuriticis,
555 439 739 513 torminibus,
758 439 906 498 coeliacis.
934 438 1062 500 inlinitur
1076 456 1151 499 vero

146 521 306 597 parotidum
321 530 350 581 11
366 523 587 582 carcinomatum
602 523 697 598 malis,
712 524 826 581 testium
840 522 992 582 ardoribus
1009 541 1049 582 ex
1063 539 1150 600 aqua,

144 601 216 660 alias
237 621 299 662 cum
314 605 418 679 melle,
439 605 592 666 infantibus
613 622 729 684 quoque
748 605 943 682 utilissimum,
970 606 1048 665 idem
1072 604 1151 664 sedis

144 686 221 744 vitiis
237 696 266 745 et
281 690 452 748 articulariis
473 688 582 749 morbis
600 707 663 749 cum
680 688 767 748 melle
783 697 812 748 et
826 688 900 764 ilco,
920 697 1020 749 contra
1035 705 1177 752 venenas

145 769 229 829 etiam
247 769 354 831 efficax
370 782 448 850 potu.
479 773 611 832 medetur
625 782 654 832 et
667 772 852 849 suspiriosis,
874 769 943 839 item
964 771 1069 831 fistulis
1087 789 1152 830 cum

145 854 268 930 axungia
279 857 372 915 veteri
386 857 425 915 ita
441 874 477 915 ne
490 857 566 915 intus
582 852 711 917 addatur.

103 944 154 999 159
207 937 291 1016 (76.)
313 937 478 999 Horminum
500 941 624 1014 semine,
647 948 678 998 ut
693 938 830 1012 diximus,
853 938 966 998 cumino
981 936 1077 997 simile
1095 946 1151 1011 est,

104 1017 137 1059 ¹⁸·
153 1020 176 1053 ⁹⁶
188 1030 287 1080 cetero
299 1022 405 1099 porro,
423 1022 576 1082 dotrantali
592 1021 749 1097 altitudine,
765 1020 885 1081 duorum
897 1039 1049 1098 generum,
1065 1020 1153 1080 alteri

145 1119 244 1163 semen
259 1106 368 1179 nigrius
383 1114 412 1164 et
428 1104 599 1182 oblongum,
616 1139 658 1150 -
671 1106 728 1165 hoc
745 1104 781 1164 ad
799 1122 936 1163 venerem
950 1104 1153 1163 stimulandam
1162 1122 1183 1165 m

146 1186 225 1245 etad
240 1186 390 1247 oculorum
404 1188 532 1265 argema,
547 1187 700 1265 albugines
718 1190 769 1262 —'-,
787 1187 870 1246 alteri
886 1186 1035 1247 candidius
1050 1204 1153 1246 semen

146 1276 177 1327 et
197 1269 358 1330 rotundius.
388 1281 513 1349 utroque
536 1281 619 1331 tunso
643 1271 830 1331 extrahuntur
850 1270 945 1331 aculei
967 1288 1006 1329 ex
1023 1286 1152 1348 corpore

146 1370 200 1430 per
215 1371 248 1412 11
262 1353 343 1413 inlito
361 1374 398 1414 ex
413 1374 502 1433 aqua,
527 1355 597 1415 folia
622 1372 659 1413 ex
680 1363 764 1413 aceto
788 1354 912 1431 inposita
933 1370 1027 1432 panos
1050 1371 1152 1432 perse

146 1436 195 1495 vel
212 1454 275 1495 cum
289 1438 377 1498 melle
393 1439 561 1514 discutiunt,
578 1441 646 1497 item
660 1437 844 1513 furunculos,
867 1438 1034 1514 priusquam
1057 1437 1152 1514 capita

147 1520 269 1592 iaciant,
288 1524 437 1600 omnisque
452 1523 633 1582 acrimonias.
1161 1540 1182 1581 11

106 1612 156 1667 166
211 1604 295 1682 (77.)
320 1604 395 1677 Quin
411 1615 439 1666 et
452 1607 533 1683 ipsae
546 1605 658 1682 frugum
670 1612 770 1682 pestes
785 1605 813 1662 in
828 1603 925 1682 aliquo
942 1612 1008 1662 sunt
1023 1623 1087 1663 usu.
1112 1604 1151 1662 in·

147 1685 220 1746 felix
234 1685 341 1748 dictum
361 1698 407 1748 est
427 1688 591 1765 aVergilio
612 1689 727 1762 lolium,
751 1688 809 1747 hoc
829 1695 925 1747 tamen
946 1687 1095 1762 molitum,
1117 1702 1153 1744 ex

148 1776 232 1829 aceto
261 1780 376 1831 coctum
403 1773 615 1850 inpositumque
639 1780 720 1831 sanat
745 1770 920 1850 inpetigines
946 1770 1074 1829 celerius
1098 1786 1151 1847 quo

148 1856 409 1930 saepiusmutatum
424 1865 478 1915 est.
507 1856 636 1914 medetur
651 1865 681 1913 11
699 1853 847 1931 podagrae
864 1853 986 1930 aliisque
1002 1852 1152 1913 doloribus

149 1953 211 1994 cum
225 1938 392 2012 oxymelite.
416 1940 490 1999 ratic
502 1939 589 1997 haec:
602 1940 693 1997 acetis
707 1938 817 1995 exterio
829 1954 885 1995 uno
897 1935 1043 1996 diluuntur
1053 1935 1150 1994 mellis
1160 1953 1182 1994 m

147 2023 250 2079 unciae
273 2020 357 2080 duae.
395 2023 497 2080 iustum
520 2029 564 2079 est
583 2021 622 2080 ita
644 2021 813 2098 temperatis
833 2020 966 2078 sextariis
988 2017 1081 2078 tribus
1101 2017 1150 2077 de·

149 2112 252 2162 coctae
269 2103 380 2164 farinae
394 2106 445 2165 loli
460 2106 604 2164 sextarios
627 2103 665 2143 **
679 2112 771 2181 usque
786 2103 822 2162 ad
838 2102 1068 2179 crassitudinem,
1085 2100 1151 2160 cali-

112 2186 115 2190 ’
148 2183 272 2265 dumque
294 2189 392 2266 inponi
415 2187 579 2250 dolentibus
601 2187 746 2247 membris.
795 2186 896 2246 eadem
915 2185 1007 2246 farina
1030 2184 1153 2244 extrahit

149 2284 216 2331 ossa
233 2271 333 2332 fracta.
436 2294 441 2301 ·

108 2359 157 2414 161
212 2355 296 2434 (78.)
319 2353 439 2414 Miliaria
454 2354 618 2433 appellatur
632 2352 723 2413 herba
738 2367 812 2430 quae
828 2360 914 2411 necat
930 2351 1048 2413 milium.
1064 2349 1185 2409 'haecas

149 2439 214 2498 trita
236 2447 265 2498 et
287 2455 379 2497 cornu
396 2455 459 2496 cum
474 2439 540 2497 vino
562 2437 656 2497 inlusa
671 2435 819 2514 podagras
838 2435 1029 2494 iumentorum
1049 2432 1155 2492 dicitur

150 2540 263 2582 sanare.

214 2604 299 2682 (79.)
321 2604 443 2664 Bromos
457 2621 561 2666 semen
573 2612 617 2662 est
627 2603 737 2680 spicam
748 2601 870 2661 ferentis
881 2599 1001 2660 herbae.
1026 2600 1154 2659 nascitur

150 2690 313 2748 1111111111
333 2688 446 2765 segetis
466 2703 577 2746 avenae
598 2703 725 2764 genere,
757 2684 828 2744 iolla
852 2693 882 2743 et
903 2683 1009 2761 stipula
1028 2684 1154 2742 triticum

150 2774 301 2832 imitantur.
326 2772 354 2829 in
366 2770 560 2831 cacuminibus
571 2768 762 2848 dependentis
774 2767 910 2846 parvolas
921 2765 1013 2826 veluti
1023 2765 1154 2826 locustas
1164 2785 1188 2826 1ο

149 2856 247 2916 habet.
279 2872 378 2914 semen
394 2854 463 2914 utile
482 2852 518 2912 ad
534 2852 738 2931 cataplasmata
747 2853 784 2912 ad
797 2867 870 2930 quae
883 2856 914 2906 ut
924 2846 1066 2906 hordeum
1076 2857 1107 2908 et
1120 2849 1155 2907 si·

150 2941 236 3000 milia.
265 2939 388 3017 prodest
401 2935 589 2998 tussientibus
605 2953 702 2996 sucus.

110 3037 160 3093 161
214 3023 298 3103 (80.)
321 3020 516 3082 Orobancheu
538 3019 747 3098 appellavimus
770 3025 921 3078 necantem
945 3031 1046 3074 ervom
1068 3024 1099 3075 et
1115 3015 1156 3074 le·

151 3108 280 3187 gunsina,
302 3106 351 3166 alii
373 3105 560 3179 cynomorion
581 3121 643 3163 eam
662 3101 843 3180 appellanta
865 3099 1047 3158 similitudine
1064 3098 1157 3159 canini

152 3190 296 3270 genitalis.
330 3189 488 3250 cauliculus
509 3187 637 3248 estsine
658 3185 750 3261 foliis,
774 3184 906 3263 pinguis,
926 3180 1046 3241 rubeus.
1078 3189 1189 3242 1111111

154 3287 183 3337 11
197 3295 251 3355 per
269 3293 302 3334 se
320 3275 391 3334 etin
407 3273 527 3351 patinis,
546 3288 610 3330 cum
622 3279 724 3329 tenera
743 3276 806 3344 est,
824 3267 957 3326 decocta.

111 3367 162 3425 163
216 3359 298 3440 (81.)
331 3357 368 3417 Et
391 3355 583 3434 leguminibus
610 3355 793 3412 innascuntur
820 3349 964 3410 bestiolae
992 3355 1157 3407 venenatae

141 3463 222 3527 quae
235 3461 341 3508 manus
357 3448 487 3527 pungunt
499 3436 698 3521 etpericulum
708 3436 783 3495 ritae
796 3433 941 3507 adierunt,
959 3429 1159 3510 solipugarum
