2422 3840
318 217 760 272 NAT.HISu.xv111.12-13.
793 209 947 287 (co-34.)
1071 208 1129 267 115
1198 218 1201 239 ¹

124 373 292 450 rotundum,
317 372 400 448 leve,
419 373 541 434 arietino
555 374 664 449 minus,
690 374 767 451 quod
782 374 887 451 religio
903 374 1065 452 pervigiliis
1080 375 1129 434 ad·

125 458 215 519 hibet.
249 465 339 517 estet
356 457 503 518 cicercula
520 456 618 515 minuti
637 457 757 532 ciceris,
781 458 958 536 inaequalis,
984 458 1128 536 angulosi,

126 542 216 601 veluti
233 541 342 620 pisum,
374 541 570 600 dulcissimum
587 548 681 599 autem
705 540 734 599 id
757 542 839 617 quod·
853 560 924 602 ervo
947 542 1128 617 simillimum,

127 625 291 703 firmiusque
312 623 389 702 quod
404 624 516 699 nigrum
533 632 562 682 et
577 623 670 682 rufum
687 641 772 701 quam
788 625 866 701 quod
883 624 987 684 album.

105 723 118 763 c
193 707 275 786 (33.)
298 707 428 784 Siliquae
442 706 583 765 rotundae
603 708 709 782 ciceri,
733 708 841 766 ceteris
858 708 1031 784 leguminum
1048 709 1170 772 lon·125

125 810 182 870 gae
198 792 277 850 etad
293 791 414 866 liguram
430 791 546 848 seminis
561 790 654 865 latae,
679 790 744 868 piso
760 790 949 865 cylindratae.
982 791 1128 870 phasiolo·

125 894 186 936 rum
215 893 279 934 cum
306 873 378 950 ipsis
409 873 578 933 manduntur
608 875 717 951 granis.
760 892 863 933 serere
895 891 948 934 eos
975 893 1030 952 qua
1055 874 1129 933 velis

125 969 205 1019 terra
220 959 290 1017 licet
305 954 341 1015 ab
358 955 452 1016 idibus
468 954 605 1018 Octobris
622 958 651 1016 in
666 957 808 1019 kalendas
823 957 1007 1018 Novembris.
1036 957 1128 1035 Legu-

126 1045 217 1117 mina,
239 1059 302 1100 cum
318 1048 517 1100 maturescere
534 1050 712 1121 coeperunt,
738 1042 878 1120 rapienda
893 1051 973 1119 sunt,
996 1044 1130 1121 quoniam

91 1149 117 1189 1⁰
128 1129 186 1187 cito
214 1125 349 1184 exsiliunt
375 1124 523 1203 latentque
555 1144 619 1186 cum
644 1125 801 1203 decidere,
835 1128 910 1186 sicut
937 1135 967 1186 et
992 1127 1128 1204 lupinum.

129 1210 177 1271 13.
200 1226 370 1287 quamquam
395 1212 474 1288 prius
491 1209 527 1269 de
550 1211 628 1289 rapis
652 1211 762 1270 dixisse
788 1212 957 1286 conveniat,
980 1244 1022 1258 -
1044 1209 1129 1288 (34.)

126 1297 155 1354 in
172 1302 339 1354 transcursu
361 1310 396 1352 ea
418 1294 542 1368 attigere
560 1295 668 1369 nostri,
693 1293 780 1372 paulo
803 1294 970 1371 diligentius
992 1292 1107 1368 Graeci,
1121 1301 1172 1356 126

128 1387 156 1438 et
174 1378 230 1456 ipsi
247 1386 343 1436 tamen
364 1377 438 1434 inter
458 1375 624 1452 hortensia,
642 1409 685 1422 -·
702 1378 727 1434 si
746 1377 836 1436 iustus
858 1379 930 1437 ordo
950 1377 1015 1451 liat,
1036 1394 1052 1436 a
1072 1377 1129 1435 hu·

127 1471 223 1521 mento
247 1460 377 1537 protinus
401 1468 448 1518 aut
474 1467 554 1518 certe
578 1458 647 1519 laba
671 1460 820 1534 dicendis,
852 1459 966 1538 quando
994 1459 1042 1519 alii
1060 1476 1129 1517 usus

92 1573 117 1614 15
127 1544 322 1624 praestantior
338 1541 373 1600 ab
390 1541 433 1600 his
449 1558 507 1600 non
525 1550 578 1601 est.
611 1551 677 1601 ante
694 1543 788 1601 omnia
804 1560 928 1619 namque
945 1543 1054 1600 cunctis
1072 1542 1129 1600 ani·

127 1627 249 1688 malibus
279 1634 451 1701 nascuntur,
484 1643 541 1685 nec
568 1626 597 1684 iu
620 1625 784 1684 novissimis
810 1621 914 1685 satiant
935 1625 1009 1683 ruris
1034 1625 1130 1684 alitum

129 1729 245 1790 qnoque
260 1727 381 1787 genera,
391 1710 543 1787 magisque
560 1710 585 1768 si
599 1709 798 1786 decoquantur
813 1727 896 1787 aqua.
920 1707 1114 1786 quadripedes
1124 1716 1172 1770 lbi

129 1805 157 1855 et
177 1795 280 1854 fronde
312 1790 410 1852 eorum
434 1793 576 1870 gaudent,
605 1802 634 1852 et
660 1793 767 1853 homini
789 1810 847 1851 non
872 1794 983 1852 minore
1006 1792 1130 1870 rapicio-

117 1886 189 1938 rum
206 1880 264 1938 suis
286 1877 365 1936 horis
383 1878 477 1954 gratia
495 1895 580 1956 quam
596 1894 755 1952 cumarum,
777 1875 945 1936 flavidorum
961 1893 1078 1954 quoque
1102 1883 1131 1935 et

93 1966 157 2029 min
187 1963 300 2022 horreis
328 1970 515 2021 enecatorum
545 1961 594 2020 vel
622 1962 732 2020 maiore
758 1977 841 2037 quam
870 1963 1030 2020 virentium.
1068 1960 1132 2037 ipsa

129 2063 200 2106 vero
220 2047 322 2106 durant
341 2054 371 2103 et
392 2047 420 2103 in
446 2063 497 2104 sua
518 2054 596 2104 terra
616 2053 734 2103 servata
757 2053 785 2102 et
802 2053 905 2122 postea
926 2062 1014 2123 passa
1038 2061 1131 2122 paene

130 2130 265 2191 adolium
284 2137 471 2206 proventum,
489 2127 652 2204 famemque
668 2128 770 2186 sentiri
788 2127 951 2205 prohibent.
975 2128 1073 2186 anino
1091 2137 1131 2187 at·

131 2232 186 2291 que
206 2229 303 2270 messe
330 2211 431 2269 tertius
456 2210 504 2268 hic
530 2209 730 2287 transpadanis
757 2209 876 2272 fructus.
909 2209 1028 2270 Terram
1054 2228 1111 2269 non
1123 2219 1174 2273 128

130 2312 248 2355 morose
268 2294 366 2372 eligit,
386 2311 479 2372 paene
496 2292 544 2352 ubi
564 2293 633 2352 nihil
655 2293 732 2353 aliud
760 2295 818 2352 seri
838 2294 940 2370 possit.
974 2292 1086 2351 nebulis
1104 2303 1133 2351 et

94 2399 120 2438 25
131 2380 239 2459 pruinis
261 2397 296 2439 ac
311 2378 424 2455 frigore
441 2379 518 2437 ultro
542 2377 670 2452 aluntur,
695 2377 880 2455 amplitudine
904 2375 1036 2436 mirabili.
1073 2376 1133 2435 vidi

129 2477 176 2525 XL
193 2464 284 2524 libras
303 2462 487 2523 excedentia.
521 2460 554 2520 ln
571 2462 644 2521 cibis
664 2462 779 2540 quidem
799 2461 905 2520 nostris
927 2459 1057 2539 pluribus
1072 2477 1132 2518 mo·

130 2549 173 2608 dis
190 2546 440 2621 commendantur,
465 2547 625 2622 durantque
642 2544 678 2605 ad
695 2545 766 2620 alia,
787 2546 895 2622 sinapis
910 2545 1066 2604 acrimonia
1081 2544 1132 2603 dc·

130 2633 213 2706 mita,
236 2632 322 2690 etiam
343 2629 490 2688 coloribus
507 2630 584 2707 picta
606 2637 724 2705 praeter
744 2647 824 2688 suum
847 2646 902 2688 sex
922 2628 1004 2703 aliis,
1025 2646 1132 2706 purpu-

130 2731 183 2774 reo
203 2730 328 2791 quoque.
358 2729 453 2789 neque
469 2712 545 2772 aliud
564 2714 592 2770 in
610 2711 687 2770 cibis
698 2712 788 2789 tingui
808 2713 905 2772 decet.
933 2711 1047 2772 Genera
1064 2729 1113 2771 co·
1125 2721 1175 2774 129

95 2815 192 2862 eorum
209 2795 313 2856 Graeci
331 2795 388 2855 duo
405 2798 495 2874 prima
516 2795 627 2871 fecere,
646 2796 834 2856 masculinum
849 2795 1084 2874 femininumque,
1105 2805 1133 2853 et

132 2901 167 2942 ea
184 2879 301 2940 serendi
316 2878 402 2938 modo
428 2897 466 2939 ex
481 2879 585 2938 eodem
600 2881 719 2939 semine.
750 2879 887 2939 densiore
903 2881 977 2937 enim
993 2887 1055 2939 satu
1075 2896 1132 2937 ma-

131 2965 319 3036 sculescere,
343 2964 416 3021 item'
436 2962 465 3021 in
483 2970 561 3021 terra
577 2962 697 3022 difficili.
736 2981 836 3023 semen
859 2963 1053 3041 praestantius
1075 2978 1132 3040 quc

131 3048 274 3108 subtilius.
298 3046 422 3125 Species
436 3061 509 3103 vero
528 3046 652 3105 omnium
668 3055 739 3106 tres.
780 3057 828 3107 aut
846 3047 966 3106 enimin
987 3045 1176 3109 latitud-130

131 3151 195 3192 nem
219 3131 315 3206 tundi,
348 3129 447 3190 autin
472 3128 674 3189 rotunditatem
701 3129 826 3207 globari.
864 3131 976 3191 tertiam
1002 3131 1133 3208 speciem

96 3238 122 3280 ss
130 3217 296 3277 silvestrem
312 3214 520 3293 appellavere,
544 3212 572 3270 in
588 3211 794 3290 longitudinem
815 3215 913 3275 radice
930 3221 1131 3293 procurrente,

131 3291 252 3378 raphani
268 3298 451 3359 similitudine
475 3305 504 3356 et
521 3296 594 3356 lolio
617 3297 760 3374 anguloso
779 3297 959 3377 scabroque,
982 3314 1053 3356 succ
1074 3297 1134 3354 acri

133 3384 181 3459 qni
196 3385 275 3443 circa
299 3400 426 3443 messem
444 3390 586 3459 exceptus
601 3380 704 3440 oculos
722 3391 827 3459 purget
842 3383 1049 3458 medeaturque
1064 3378 1132 3437 cali-

132 3465 191 3542 gini
208 3465 334 3527 admixto
352 3467 429 3527 lacte
448 3465 608 3526 mulierum.
644 3462 770 3544 Frigore
794 3465 934 3524 dulciora
951 3463 1029 3597 {qu
1048 3458 1155 3514 emem-
