<?xml version="1.0" encoding="UTF-8"?>
<!DOCTYPE html PUBLIC "-//W3C//DTD XHTML 1.0 Transitional//EN"
    "http://www.w3.org/TR/xhtml1/DTD/xhtml1-transitional.dtd">
<html xmlns="http://www.w3.org/1999/xhtml" xml:lang="en" lang="en">
 <head>
  <title>
</title>
<meta http-equiv="Content-Type" content="text/html;charset=utf-8" />
  <meta name='ocr-system' content='tesseract 3.04.00' />
  <meta name='ocr-capabilities' content='ocr_page ocr_carea ocr_par ocr_line ocrx_word'/>
</head>
<body>
  <div class='ocr_page' id='page_1' title='image "./cplinisecundina04plingoog_0328.png"; bbox 0 0 2422 3840; ppageno 0'>
   <div class='ocr_carea' id='block_1_1' title="bbox 327 200 1090 278">
    <p class='ocr_par' dir='ltr' id='par_1_1' title="bbox 327 200 1090 278">
     <span class='ocr_line' id='line_1_1' title="bbox 327 200 1090 278; baseline 0.007 -20"><span class='ocrx_word' id='word_1_1' title='bbox 327 211 406 258; x_wconf 80' lang='lat' dir='ltr'>usu.</span> <span class='ocrx_word' id='word_1_2' title='bbox 424 211 516 259; x_wconf 81' lang='lat' dir='ltr'>ursa.</span> <span class='ocrx_word' id='word_1_3' title='bbox 532 212 618 258; x_wconf 84' lang='lat' dir='ltr'>xxm.</span> <span class='ocrx_word' id='word_1_4' title='bbox 635 209 718 263; x_wconf 75' lang='lat'>4—7.</span> <span class='ocrx_word' id='word_1_5' title='bbox 736 200 854 278; x_wconf 80' lang='lat'>(4-8.)</span> <span class='ocrx_word' id='word_1_6' title='bbox 1028 202 1090 263; x_wconf 84' lang='lat'>269</span> 
     </span>
    </p>
   </div>
   <div class='ocr_carea' id='block_1_2' title="bbox 54 362 1138 3514">
    <p class='ocr_par' dir='ltr' id='par_1_2' title="bbox 66 362 1093 858">
     <span class='ocr_line' id='line_1_2' title="bbox 88 362 1092 426; baseline 0.002 -2"><span class='ocrx_word' id='word_1_7' title='bbox 88 373 184 425; x_wconf 89' lang='lat' dir='ltr'>natum</span> <span class='ocrx_word' id='word_1_8' title='bbox 210 362 382 424; x_wconf 81' lang='lat' dir='ltr'>obsidionali</span> <span class='ocrx_word' id='word_1_9' title='bbox 403 365 431 422; x_wconf 91' lang='lat' dir='ltr'>in</span> <span class='ocrx_word' id='word_1_10' title='bbox 458 364 558 424; x_wconf 84' lang='lat' dir='ltr'>Africa</span> <span class='ocrx_word' id='word_1_11' title='bbox 583 363 699 425; x_wconf 87' lang='lat' dir='ltr'>blanilio</span> <span class='ocrx_word' id='word_1_12' title='bbox 723 363 900 424; x_wconf 82' lang='lat' dir='ltr'>consulem</span> <span class='ocrx_word' id='word_1_13' title='bbox 923 366 1092 426; x_wconf 89' lang='lat' dir='ltr'>cohortibus</span> 
     </span>
     <span class='ocr_line' id='line_1_3' title="bbox 89 446 1091 527; baseline 0.002 -20"><span class='ocrx_word' id='word_1_14' title='bbox 89 449 212 508; x_wconf 83' lang='lat' dir='ltr'>seruatis</span> <span class='ocrx_word' id='word_1_15' title='bbox 231 447 407 524; x_wconf 88' lang='lat' dir='ltr'>totidemque</span> <span class='ocrx_word' id='word_1_16' title='bbox 424 446 460 506; x_wconf 89' lang='lat' dir='ltr'>ad</span> <span class='ocrx_word' id='word_1_17' title='bbox 484 447 641 510; x_wconf 87' lang='lat' dir='ltr'>servandas</span> <span class='ocrx_word' id='word_1_18' title='bbox 663 465 712 507; x_wconf 90' lang='lat' dir='ltr'>eas</span> <span class='ocrx_word' id='word_1_19' title='bbox 729 448 856 524; x_wconf 82' lang='lat' dir='ltr'>eductis,</span> <span class='ocrx_word' id='word_1_20' title='bbox 881 449 959 527; x_wconf 92' lang='lat' dir='ltr'>quod</span> <span class='ocrx_word' id='word_1_21' title='bbox 983 460 1012 509; x_wconf 92' lang='lat' dir='ltr'>et</span> <span class='ocrx_word' id='word_1_22' title='bbox 1034 461 1091 510; x_wconf 92' lang='lat' dir='ltr'>sta·</span> 
     </span>
     <span class='ocr_line' id='line_1_4' title="bbox 88 529 1091 610; baseline 0.001 -19"><span class='ocrx_word' id='word_1_23' title='bbox 88 540 155 591; x_wconf 87' lang='lat' dir='ltr'>tuae</span> <span class='ocrx_word' id='word_1_24' title='bbox 174 533 234 590; x_wconf 91' lang='lat' dir='ltr'>eius</span> <span class='ocrx_word' id='word_1_25' title='bbox 250 532 278 589; x_wconf 92' lang='lat' dir='ltr'>in</span> <span class='ocrx_word' id='word_1_26' title='bbox 295 531 360 589; x_wconf 85' lang='lat' dir='ltr'>loro</span> <span class='ocrx_word' id='word_1_27' title='bbox 378 546 430 589; x_wconf 92' lang='lat' dir='ltr'>suo</span> <span class='ocrx_word' id='word_1_28' title='bbox 448 530 531 588; x_wconf 87' lang='lat' dir='ltr'>divos</span> <span class='ocrx_word' id='word_1_29' title='bbox 547 530 694 607; x_wconf 81' lang='lat' dir='ltr'>Angustus</span> <span class='ocrx_word' id='word_1_30' title='bbox 712 529 894 609; x_wconf 79' lang='lat' dir='ltr'>subscripsit.</span> <span class='ocrx_word' id='word_1_31' title='bbox 926 534 1019 610; x_wconf 91' lang='lat' dir='ltr'>ipsum</span> <span class='ocrx_word' id='word_1_32' title='bbox 1034 533 1091 592; x_wconf 78' lang='lat' dir='ltr'>Au·</span> 
     </span>
     <span class='ocr_line' id='line_1_5' title="bbox 89 612 1092 691; baseline 0.003 -19"><span class='ocrx_word' id='word_1_33' title='bbox 89 622 202 691; x_wconf 87' lang='lat' dir='ltr'>gustum</span> <span class='ocrx_word' id='word_1_34' title='bbox 219 612 257 672; x_wconf 86' lang='lat' dir='ltr'>bl.</span> <span class='ocrx_word' id='word_1_35' title='bbox 274 612 420 673; x_wconf 76' lang='lat' dir='ltr'>Cicerone</span> <span class='ocrx_word' id='word_1_36' title='bbox 438 613 497 672; x_wconf 90' lang='lat' dir='ltr'>lilio</span> <span class='ocrx_word' id='word_1_37' title='bbox 519 615 639 673; x_wconf 88' lang='lat' dir='ltr'>consule</span> <span class='ocrx_word' id='word_1_38' title='bbox 661 612 755 674; x_wconf 88' lang='lat' dir='ltr'>idibus</span> <span class='ocrx_word' id='word_1_39' title='bbox 772 613 991 691; x_wconf 81' lang='lat' dir='ltr'>Septembribus</span> <span class='ocrx_word' id='word_1_40' title='bbox 1009 634 1092 676; x_wconf 90' lang='lat' dir='ltr'>sena-</span> 
     </span>
     <span class='ocr_line' id='line_1_6' title="bbox 66 695 1093 774; baseline 0.002 -18"><span class='ocrx_word' id='word_1_41' title='bbox 66 706 134 764; x_wconf 76' lang='lat' dir='ltr'>stus</span> <span class='ocrx_word' id='word_1_42' title='bbox 151 696 323 756; x_wconf 84' lang='lat' dir='ltr'>obsidionali</span> <span class='ocrx_word' id='word_1_43' title='bbox 339 695 471 771; x_wconf 85' lang='lat' dir='ltr'>donavit,</span> <span class='ocrx_word' id='word_1_44' title='bbox 491 697 565 774; x_wconf 81' lang='lat' dir='ltr'>adeo</span> <span class='ocrx_word' id='word_1_45' title='bbox 581 698 674 757; x_wconf 85' lang='lat' dir='ltr'>civica</span> <span class='ocrx_word' id='word_1_46' title='bbox 688 713 746 755; x_wconf 91' lang='lat' dir='ltr'>non</span> <span class='ocrx_word' id='word_1_47' title='bbox 763 697 833 755; x_wconf 93' lang='lat' dir='ltr'>satis</span> <span class='ocrx_word' id='word_1_48' title='bbox 849 697 1008 757; x_wconf 89' lang='lat' dir='ltr'>videbatur.</span> <span class='ocrx_word' id='word_1_49' title='bbox 1038 718 1093 759; x_wconf 91' lang='lat' dir='ltr'>nec</span> 
     </span>
     <span class='ocr_line' id='line_1_7' title="bbox 87 779 832 858; baseline -0.001 -20"><span class='ocrx_word' id='word_1_50' title='bbox 87 788 243 858; x_wconf 87' lang='lat' dir='ltr'>praeterea</span> <span class='ocrx_word' id='word_1_51' title='bbox 257 797 428 858; x_wconf 91' lang='lat' dir='ltr'>quemquam</span> <span class='ocrx_word' id='word_1_52' title='bbox 445 779 499 838; x_wconf 90' lang='lat' dir='ltr'>hac</span> <span class='ocrx_word' id='word_1_53' title='bbox 514 781 672 839; x_wconf 84' lang='lat' dir='ltr'>invenimus</span> <span class='ocrx_word' id='word_1_54' title='bbox 687 780 832 839; x_wconf 84' lang='lat' dir='ltr'>donatum.</span> 
     </span>
    </p>

    <p class='ocr_par' dir='ltr' id='par_1_3' title="bbox 87 861 1136 1108">
     <span class='ocr_line' id='line_1_8' title="bbox 155 861 1136 942; baseline 0 -20"><span class='ocrx_word' id='word_1_55' title='bbox 155 864 219 942; x_wconf 87' lang='lat'>(7.)</span> <span class='ocrx_word' id='word_1_56' title='bbox 240 861 346 922; x_wconf 90' lang='lat' dir='ltr'>Nullae</span> <span class='ocrx_word' id='word_1_57' title='bbox 360 879 431 938; x_wconf 91' lang='lat' dir='ltr'>ergo</span> <span class='ocrx_word' id='word_1_58' title='bbox 446 861 555 922; x_wconf 82' lang='lat' dir='ltr'>herbae</span> <span class='ocrx_word' id='word_1_59' title='bbox 572 864 655 922; x_wconf 86' lang='lat' dir='ltr'>inere</span> <span class='ocrx_word' id='word_1_60' title='bbox 670 871 769 921; x_wconf 90' lang='lat' dir='ltr'>certae</span> <span class='ocrx_word' id='word_1_61' title='bbox 784 863 813 922; x_wconf 90' lang='lat' dir='ltr'>in</span> <span class='ocrx_word' id='word_1_62' title='bbox 825 862 882 922; x_wconf 94' lang='lat' dir='ltr'>hoc</span> <span class='ocrx_word' id='word_1_63' title='bbox 896 863 1019 938; x_wconf 93' lang='lat' dir='ltr'>honore,</span> <span class='ocrx_word' id='word_1_64' title='bbox 1038 864 1090 924; x_wconf 92' lang='lat' dir='ltr'>sed</span> <span class='ocrx_word' id='word_1_65' title='bbox 1100 868 1136 926; x_wconf 79' lang='lat'>14</span> 
     </span>
     <span class='ocr_line' id='line_1_9' title="bbox 88 944 1092 1024; baseline 0.002 -20"><span class='ocrx_word' id='word_1_66' title='bbox 88 962 286 1024; x_wconf 90' lang='lat' dir='ltr'>quaecumque</span> <span class='ocrx_word' id='word_1_67' title='bbox 300 944 413 1005; x_wconf 87' lang='lat' dir='ltr'>lucrant</span> <span class='ocrx_word' id='word_1_68' title='bbox 430 946 459 1002; x_wconf 93' lang='lat' dir='ltr'>in</span> <span class='ocrx_word' id='word_1_69' title='bbox 474 946 595 1022; x_wconf 90' lang='lat' dir='ltr'>periculi</span> <span class='ocrx_word' id='word_1_70' title='bbox 609 945 680 1005; x_wconf 89' lang='lat' dir='ltr'>sede</span> <span class='ocrx_word' id='word_1_71' title='bbox 702 947 831 1024; x_wconf 91' lang='lat' dir='ltr'>quamvis</span> <span class='ocrx_word' id='word_1_72' title='bbox 847 946 993 1022; x_wconf 80' lang='lat' dir='ltr'>ignobiles</span> <span class='ocrx_word' id='word_1_73' title='bbox 1009 948 1092 1024; x_wconf 87' lang='lat' dir='ltr'>igno·</span> 
     </span>
     <span class='ocr_line' id='line_1_10' title="bbox 87 1026 1092 1108; baseline 0 -20"><span class='ocrx_word' id='word_1_74' title='bbox 87 1037 194 1107; x_wconf 84' lang='lat' dir='ltr'>tueque</span> <span class='ocrx_word' id='word_1_75' title='bbox 208 1028 349 1087; x_wconf 91' lang='lat' dir='ltr'>bonorem</span> <span class='ocrx_word' id='word_1_76' title='bbox 362 1026 490 1087; x_wconf 90' lang='lat' dir='ltr'>nobilem</span> <span class='ocrx_word' id='word_1_77' title='bbox 504 1027 664 1105; x_wconf 87' lang='lat' dir='ltr'>iaciebant,</span> <span class='ocrx_word' id='word_1_78' title='bbox 680 1028 758 1107; x_wconf 93' lang='lat' dir='ltr'>quod</span> <span class='ocrx_word' id='word_1_79' title='bbox 773 1028 865 1088; x_wconf 91' lang='lat' dir='ltr'>latere</span> <span class='ocrx_word' id='word_1_80' title='bbox 883 1029 959 1108; x_wconf 90' lang='lat' dir='ltr'>apud</span> <span class='ocrx_word' id='word_1_81' title='bbox 975 1047 1029 1089; x_wconf 93' lang='lat' dir='ltr'>nos</span> <span class='ocrx_word' id='word_1_82' title='bbox 1042 1031 1092 1089; x_wconf 90' lang='lat' dir='ltr'>mi·</span> 
     </span>
    </p>

    <p class='ocr_par' dir='ltr' id='par_1_4' title="bbox 54 1110 1135 1520">
     <span class='ocr_line' id='line_1_11' title="bbox 54 1110 1092 1191; baseline 0.002 -21"><span class='ocrx_word' id='word_1_83' title='bbox 54 1134 80 1176; x_wconf 69' lang='lat' dir='ltr'>so</span> <span class='ocrx_word' id='word_1_84' title='bbox 88 1129 141 1170; x_wconf 92' lang='lat' dir='ltr'>nus</span> <span class='ocrx_word' id='word_1_85' title='bbox 157 1110 271 1188; x_wconf 92' lang='lat' dir='ltr'>quidem</span> <span class='ocrx_word' id='word_1_86' title='bbox 296 1113 385 1171; x_wconf 89' lang='lat' dir='ltr'>miror</span> <span class='ocrx_word' id='word_1_87' title='bbox 402 1128 524 1190; x_wconf 86' lang='lat' dir='ltr'>cernens</span> <span class='ocrx_word' id='word_1_88' title='bbox 549 1112 668 1188; x_wconf 79' lang='lat' dir='ltr'>neglegi</span> <span class='ocrx_word' id='word_1_89' title='bbox 686 1130 721 1171; x_wconf 89' lang='lat' dir='ltr'>ea</span> <span class='ocrx_word' id='word_1_90' title='bbox 742 1129 859 1191; x_wconf 88' lang='lat' dir='ltr'>quoque</span> <span class='ocrx_word' id='word_1_91' title='bbox 876 1130 951 1190; x_wconf 90' lang='lat' dir='ltr'>quae</span> <span class='ocrx_word' id='word_1_92' title='bbox 967 1113 1002 1173; x_wconf 94' lang='lat' dir='ltr'>ad</span> <span class='ocrx_word' id='word_1_93' title='bbox 1022 1114 1092 1172; x_wconf 90' lang='lat' dir='ltr'>vali·</span> 
     </span>
     <span class='ocr_line' id='line_1_12' title="bbox 88 1193 1094 1274; baseline 0.002 -20"><span class='ocrx_word' id='word_1_94' title='bbox 88 1194 215 1254; x_wconf 85' lang='lat' dir='ltr'>tudinem</span> <span class='ocrx_word' id='word_1_95' title='bbox 243 1193 471 1255; x_wconf 85' lang='lat' dir='ltr'>conservandam</span> <span class='ocrx_word' id='word_1_96' title='bbox 498 1196 701 1272; x_wconf 91' lang='lat' dir='ltr'>cruciatusque</span> <span class='ocrx_word' id='word_1_97' title='bbox 723 1197 856 1274; x_wconf 90' lang='lat' dir='ltr'>corporis</span> <span class='ocrx_word' id='word_1_98' title='bbox 878 1195 1094 1274; x_wconf 88' lang='lat' dir='ltr'>propulsandos</span> 
     </span>
     <span class='ocr_line' id='line_1_13' title="bbox 89 1277 1092 1354; baseline 0.004 -18"><span class='ocrx_word' id='word_1_99' title='bbox 89 1286 118 1337; x_wconf 94' lang='lat' dir='ltr'>et</span> <span class='ocrx_word' id='word_1_100' title='bbox 133 1287 255 1337; x_wconf 90' lang='lat' dir='ltr'>mortem</span> <span class='ocrx_word' id='word_1_101' title='bbox 270 1277 424 1337; x_wconf 90' lang='lat' dir='ltr'>arcendam</span> <span class='ocrx_word' id='word_1_102' title='bbox 441 1277 596 1353; x_wconf 90' lang='lat' dir='ltr'>pertinent.</span> <span class='ocrx_word' id='word_1_103' title='bbox 634 1277 684 1336; x_wconf 91' lang='lat' dir='ltr'>sed</span> <span class='ocrx_word' id='word_1_104' title='bbox 702 1278 766 1354; x_wconf 86' lang='lat' dir='ltr'>quis</span> <span class='ocrx_word' id='word_1_105' title='bbox 782 1295 840 1337; x_wconf 89' lang='lat' dir='ltr'>non</span> <span class='ocrx_word' id='word_1_106' title='bbox 854 1296 953 1338; x_wconf 90' lang='lat' dir='ltr'>mores</span> <span class='ocrx_word' id='word_1_107' title='bbox 968 1281 1030 1339; x_wconf 90' lang='lat' dir='ltr'>iure</span> <span class='ocrx_word' id='word_1_108' title='bbox 1046 1298 1092 1341; x_wconf 90' lang='lat' dir='ltr'>ca-</span> 
     </span>
     <span class='ocr_line' id='line_1_14' title="bbox 89 1357 1093 1438; baseline 0.003 -20"><span class='ocrx_word' id='word_1_109' title='bbox 89 1357 197 1435; x_wconf 78' lang='lat' dir='ltr'>stiget?</span> <span class='ocrx_word' id='word_1_110' title='bbox 236 1358 374 1419; x_wconf 84' lang='lat' dir='ltr'>addidere</span> <span class='ocrx_word' id='word_1_111' title='bbox 400 1358 516 1417; x_wconf 83' lang='lat' dir='ltr'>vivendi</span> <span class='ocrx_word' id='word_1_112' title='bbox 541 1360 636 1437; x_wconf 89' lang='lat' dir='ltr'>pretia</span> <span class='ocrx_word' id='word_1_113' title='bbox 661 1359 785 1420; x_wconf 86' lang='lat' dir='ltr'>deliciae</span> <span class='ocrx_word' id='word_1_114' title='bbox 817 1361 970 1438; x_wconf 87' lang='lat' dir='ltr'>luxusque.</span> <span class='ocrx_word' id='word_1_115' title='bbox 1015 1380 1093 1421; x_wconf 92' lang='lat' dir='ltr'>num·</span> 
     </span>
     <span class='ocr_line' id='line_1_15' title="bbox 90 1441 1135 1520; baseline 0.007 -20"><span class='ocrx_word' id='word_1_116' title='bbox 90 1459 175 1520; x_wconf 91' lang='lat' dir='ltr'>quam</span> <span class='ocrx_word' id='word_1_117' title='bbox 192 1441 244 1501; x_wconf 89' lang='lat' dir='ltr'>luit</span> <span class='ocrx_word' id='word_1_118' title='bbox 259 1443 336 1500; x_wconf 89' lang='lat' dir='ltr'>vitae</span> <span class='ocrx_word' id='word_1_119' title='bbox 353 1441 457 1519; x_wconf 88' lang='lat' dir='ltr'>cupido</span> <span class='ocrx_word' id='word_1_120' title='bbox 473 1442 565 1501; x_wconf 87' lang='lat' dir='ltr'>maior</span> <span class='ocrx_word' id='word_1_121' title='bbox 584 1459 639 1502; x_wconf 87' lang='lat' dir='ltr'>nec</span> <span class='ocrx_word' id='word_1_122' title='bbox 653 1443 746 1501; x_wconf 87' lang='lat' dir='ltr'>minor</span> <span class='ocrx_word' id='word_1_123' title='bbox 769 1461 848 1502; x_wconf 87' lang='lat' dir='ltr'>cura.</span> <span class='ocrx_word' id='word_1_124' title='bbox 879 1444 1000 1503; x_wconf 91' lang='lat' dir='ltr'>aliorum</span> <span class='ocrx_word' id='word_1_125' title='bbox 1017 1445 1090 1504; x_wconf 91' lang='lat' dir='ltr'>banc</span> <span class='ocrx_word' id='word_1_126' title='bbox 1102 1457 1135 1507; x_wconf 79' lang='lat'>15</span> 
     </span>
    </p>

    <p class='ocr_par' dir='ltr' id='par_1_5' title="bbox 54 1524 1094 1771">
     <span class='ocr_line' id='line_1_16' title="bbox 54 1524 1094 1604; baseline 0.003 -20"><span class='ocrx_word' id='word_1_127' title='bbox 54 1549 80 1590; x_wconf 72' lang='lat'>15</span> <span class='ocrx_word' id='word_1_128' title='bbox 89 1542 199 1604; x_wconf 90' lang='lat' dir='ltr'>operae</span> <span class='ocrx_word' id='word_1_129' title='bbox 225 1542 294 1584; x_wconf 92' lang='lat' dir='ltr'>esse</span> <span class='ocrx_word' id='word_1_130' title='bbox 320 1524 479 1599; x_wconf 89' lang='lat' dir='ltr'>credimus,</span> <span class='ocrx_word' id='word_1_131' title='bbox 503 1524 540 1584; x_wconf 91' lang='lat' dir='ltr'>de</span> <span class='ocrx_word' id='word_1_132' title='bbox 565 1525 697 1586; x_wconf 90' lang='lat' dir='ltr'>mandato</span> <span class='ocrx_word' id='word_1_133' title='bbox 713 1525 828 1603; x_wconf 88' lang='lat' dir='ltr'>quidem</span> <span class='ocrx_word' id='word_1_134' title='bbox 849 1534 949 1585; x_wconf 88' lang='lat' dir='ltr'>nostro</span> <span class='ocrx_word' id='word_1_135' title='bbox 972 1526 1047 1586; x_wconf 92' lang='lat' dir='ltr'>alios</span> <span class='ocrx_word' id='word_1_136' title='bbox 1066 1527 1094 1587; x_wconf 89' lang='lat' dir='ltr'>id</span> 
     </span>
     <span class='ocr_line' id='line_1_17' title="bbox 88 1607 1094 1687; baseline 0.001 -19"><span class='ocrx_word' id='word_1_137' title='bbox 88 1626 196 1685; x_wconf 86' lang='lat' dir='ltr'>agere,</span> <span class='ocrx_word' id='word_1_138' title='bbox 224 1607 403 1686; x_wconf 88' lang='lat' dir='ltr'>medicisque</span> <span class='ocrx_word' id='word_1_139' title='bbox 433 1609 578 1686; x_wconf 90' lang='lat' dir='ltr'>provisum</span> <span class='ocrx_word' id='word_1_140' title='bbox 601 1627 669 1668; x_wconf 91' lang='lat' dir='ltr'>esse</span> <span class='ocrx_word' id='word_1_141' title='bbox 693 1626 746 1686; x_wconf 93' lang='lat' dir='ltr'>pro</span> <span class='ocrx_word' id='word_1_142' title='bbox 767 1609 862 1668; x_wconf 72' lang='lat' dir='ltr'>nobis·</span> <span class='ocrx_word' id='word_1_143' title='bbox 895 1610 951 1687; x_wconf 91' lang='lat' dir='ltr'>ipsi</span> <span class='ocrx_word' id='word_1_144' title='bbox 975 1610 1094 1669; x_wconf 86' lang='lat' dir='ltr'>fruimur</span> 
     </span>
     <span class='ocr_line' id='line_1_18' title="bbox 88 1690 1094 1771; baseline 0.002 -21"><span class='ocrx_word' id='word_1_145' title='bbox 88 1690 286 1769; x_wconf 85' lang='lat' dir='ltr'>voluptatibus</span> <span class='ocrx_word' id='word_1_146' title='bbox 303 1699 342 1767; x_wconf 91' lang='lat' dir='ltr'>et,</span> <span class='ocrx_word' id='word_1_147' title='bbox 358 1708 415 1769; x_wconf 93' lang='lat' dir='ltr'>quo</span> <span class='ocrx_word' id='word_1_148' title='bbox 435 1690 504 1750; x_wconf 90' lang='lat' dir='ltr'>nibil</span> <span class='ocrx_word' id='word_1_149' title='bbox 526 1692 659 1769; x_wconf 85' lang='lat' dir='ltr'>equidem</span> <span class='ocrx_word' id='word_1_150' title='bbox 675 1690 844 1771; x_wconf 87' lang='lat' dir='ltr'>probrosius</span> <span class='ocrx_word' id='word_1_151' title='bbox 861 1692 953 1768; x_wconf 92' lang='lat' dir='ltr'>duco,</span> <span class='ocrx_word' id='word_1_152' title='bbox 974 1693 1094 1752; x_wconf 90' lang='lat' dir='ltr'>vivimus</span> 
     </span>
    </p>

    <p class='ocr_par' dir='ltr' id='par_1_6' title="bbox 63 1773 1094 1936">
     <span class='ocr_line' id='line_1_19' title="bbox 63 1773 1094 1852; baseline -0.001 -17"><span class='ocrx_word' id='word_1_153' title='bbox 63 1785 67 1791; x_wconf 84' lang='lat'>&#39;</span> <span class='ocrx_word' id='word_1_154' title='bbox 89 1775 185 1835; x_wconf 91' lang='lat' dir='ltr'>aliena</span> <span class='ocrx_word' id='word_1_155' title='bbox 201 1774 313 1835; x_wconf 85' lang='lat' dir='ltr'>fiducia.</span> <span class='ocrx_word' id='word_1_156' title='bbox 352 1776 437 1834; x_wconf 93' lang='lat' dir='ltr'>immo</span> <span class='ocrx_word' id='word_1_157' title='bbox 454 1791 527 1833; x_wconf 87' lang='lat' dir='ltr'>vero</span> <span class='ocrx_word' id='word_1_158' title='bbox 551 1773 701 1852; x_wconf 89' lang='lat' dir='ltr'>plerisque</span> <span class='ocrx_word' id='word_1_159' title='bbox 723 1775 798 1834; x_wconf 92' lang='lat' dir='ltr'>ultro</span> <span class='ocrx_word' id='word_1_160' title='bbox 821 1776 905 1834; x_wconf 89' lang='lat' dir='ltr'>etiam</span> <span class='ocrx_word' id='word_1_161' title='bbox 930 1776 1029 1834; x_wconf 91' lang='lat' dir='ltr'>inrisui</span> <span class='ocrx_word' id='word_1_162' title='bbox 1047 1794 1094 1834; x_wconf 90' lang='lat' dir='ltr'>su·</span> 
     </span>
     <span class='ocr_line' id='line_1_20' title="bbox 89 1858 1094 1936; baseline 0 -19"><span class='ocrx_word' id='word_1_163' title='bbox 89 1876 151 1917; x_wconf 90' lang='lat' dir='ltr'>mus</span> <span class='ocrx_word' id='word_1_164' title='bbox 167 1858 222 1917; x_wconf 89' lang='lat' dir='ltr'>ista</span> <span class='ocrx_word' id='word_1_165' title='bbox 237 1865 463 1918; x_wconf 88' lang='lat' dir='ltr'>commentantes</span> <span class='ocrx_word' id='word_1_166' title='bbox 478 1865 564 1935; x_wconf 90' lang='lat' dir='ltr'>atque</span> <span class='ocrx_word' id='word_1_167' title='bbox 579 1858 677 1918; x_wconf 86' lang='lat' dir='ltr'>frivoli</span> <span class='ocrx_word' id='word_1_168' title='bbox 692 1859 791 1936; x_wconf 88' lang='lat' dir='ltr'>operis</span> <span class='ocrx_word' id='word_1_169' title='bbox 807 1860 967 1934; x_wconf 84' lang='lat' dir='ltr'>arguimur,</span> <span class='ocrx_word' id='word_1_170' title='bbox 989 1875 1094 1935; x_wconf 89' lang='lat' dir='ltr'>magno</span> 
     </span>
    </p>

    <p class='ocr_par' dir='ltr' id='par_1_7' title="bbox 54 1940 1138 2350">
     <span class='ocr_line' id='line_1_21' title="bbox 54 1940 1094 2020; baseline 0.001 -20"><span class='ocrx_word' id='word_1_171' title='bbox 54 1958 262 2020; x_wconf 77' lang='lat' dir='ltr'>20quamquam</span> <span class='ocrx_word' id='word_1_172' title='bbox 276 1942 396 2002; x_wconf 91' lang='lat' dir='ltr'>inmensi</span> <span class='ocrx_word' id='word_1_173' title='bbox 413 1940 522 2001; x_wconf 89' lang='lat' dir='ltr'>laboris</span> <span class='ocrx_word' id='word_1_174' title='bbox 543 1941 649 2001; x_wconf 90' lang='lat' dir='ltr'>solatio</span> <span class='ocrx_word' id='word_1_175' title='bbox 667 1942 766 2020; x_wconf 88' lang='lat' dir='ltr'>sperni</span> <span class='ocrx_word' id='word_1_176' title='bbox 785 1959 849 2000; x_wconf 90' lang='lat' dir='ltr'>cum</span> <span class='ocrx_word' id='word_1_177' title='bbox 869 1960 966 2001; x_wconf 89' lang='lat' dir='ltr'>rerum</span> <span class='ocrx_word' id='word_1_178' title='bbox 983 1952 1094 2017; x_wconf 90' lang='lat' dir='ltr'>natura,</span> 
     </span>
     <span class='ocr_line' id='line_1_22' title="bbox 91 2024 1095 2104; baseline 0.001 -21"><span class='ocrx_word' id='word_1_179' title='bbox 91 2042 175 2101; x_wconf 91' lang='lat' dir='ltr'>quam</span> <span class='ocrx_word' id='word_1_180' title='bbox 190 2034 271 2084; x_wconf 87' lang='lat' dir='ltr'>certe</span> <span class='ocrx_word' id='word_1_181' title='bbox 287 2042 344 2084; x_wconf 93' lang='lat' dir='ltr'>non</span> <span class='ocrx_word' id='word_1_182' title='bbox 359 2025 487 2086; x_wconf 88' lang='lat' dir='ltr'>deiuissc</span> <span class='ocrx_word' id='word_1_183' title='bbox 503 2025 587 2085; x_wconf 88' lang='lat' dir='ltr'>nobis</span> <span class='ocrx_word' id='word_1_184' title='bbox 611 2024 781 2085; x_wconf 91' lang='lat' dir='ltr'>docebimus</span> <span class='ocrx_word' id='word_1_185' title='bbox 810 2033 839 2084; x_wconf 93' lang='lat' dir='ltr'>et</span> <span class='ocrx_word' id='word_1_186' title='bbox 860 2026 959 2083; x_wconf 90' lang='lat' dir='ltr'>invisis</span> <span class='ocrx_word' id='word_1_187' title='bbox 977 2042 1095 2104; x_wconf 91' lang='lat' dir='ltr'>quoque</span> 
     </span>
     <span class='ocr_line' id='line_1_23' title="bbox 89 2106 1095 2186; baseline 0.001 -21"><span class='ocrx_word' id='word_1_188' title='bbox 89 2106 188 2166; x_wconf 87' lang='lat' dir='ltr'>herbis</span> <span class='ocrx_word' id='word_1_189' title='bbox 213 2108 371 2166; x_wconf 89' lang='lat' dir='ltr'>inseruisse</span> <span class='ocrx_word' id='word_1_190' title='bbox 394 2107 539 2182; x_wconf 88' lang='lat' dir='ltr'>remedia,</span> <span class='ocrx_word' id='word_1_191' title='bbox 573 2109 681 2186; x_wconf 93' lang='lat' dir='ltr'>quippe</span> <span class='ocrx_word' id='word_1_192' title='bbox 708 2126 771 2167; x_wconf 89' lang='lat' dir='ltr'>cum</span> <span class='ocrx_word' id='word_1_193' title='bbox 797 2108 955 2167; x_wconf 87' lang='lat' dir='ltr'>medicinas</span> <span class='ocrx_word' id='word_1_194' title='bbox 982 2108 1095 2168; x_wconf 89' lang='lat' dir='ltr'>dederit</span> 
     </span>
     <span class='ocr_line' id='line_1_24' title="bbox 91 2187 1138 2268; baseline 0.005 -20"><span class='ocrx_word' id='word_1_195' title='bbox 91 2191 177 2248; x_wconf 86' lang='lat' dir='ltr'>etiarn</span> <span class='ocrx_word' id='word_1_196' title='bbox 189 2188 339 2247; x_wconf 89' lang='lat' dir='ltr'>aculeatis.</span> <span class='ocrx_word' id='word_1_197' title='bbox 352 2187 426 2247; x_wconf 91' lang='lat' dir='ltr'>baec</span> <span class='ocrx_word' id='word_1_198' title='bbox 439 2191 513 2247; x_wconf 90' lang='lat' dir='ltr'>enim</span> <span class='ocrx_word' id='word_1_199' title='bbox 525 2206 666 2266; x_wconf 81' lang='lat' dir='ltr'>proxume</span> <span class='ocrx_word' id='word_1_200' title='bbox 678 2198 789 2248; x_wconf 89' lang='lat' dir='ltr'>restant</span> <span class='ocrx_word' id='word_1_201' title='bbox 804 2207 843 2248; x_wconf 86' lang='lat' dir='ltr'>ex</span> <span class='ocrx_word' id='word_1_202' title='bbox 856 2191 892 2247; x_wconf 93' lang='lat' dir='ltr'>iis</span> <span class='ocrx_word' id='word_1_203' title='bbox 906 2207 978 2267; x_wconf 91' lang='lat' dir='ltr'>quas</span> <span class='ocrx_word' id='word_1_204' title='bbox 993 2193 1092 2268; x_wconf 90' lang='lat' dir='ltr'>priore</span> <span class='ocrx_word' id='word_1_205' title='bbox 1103 2199 1138 2253; x_wconf 84' lang='grc'>16</span> 
     </span>
     <span class='ocr_line' id='line_1_25' title="bbox 90 2270 1093 2350; baseline 0.001 -19"><span class='ocrx_word' id='word_1_206' title='bbox 90 2271 167 2331; x_wconf 92' lang='lat' dir='ltr'>libro</span> <span class='ocrx_word' id='word_1_207' title='bbox 185 2271 407 2346; x_wconf 83' lang='lat' dir='ltr'>nominavimus,</span> <span class='ocrx_word' id='word_1_208' title='bbox 429 2272 457 2330; x_wconf 90' lang='lat' dir='ltr'>in</span> <span class='ocrx_word' id='word_1_209' title='bbox 473 2270 575 2348; x_wconf 92' lang='lat' dir='ltr'>quibus</span> <span class='ocrx_word' id='word_1_210' title='bbox 590 2274 661 2348; x_wconf 91' lang='lat' dir='ltr'>ipsis</span> <span class='ocrx_word' id='word_1_211' title='bbox 683 2272 892 2350; x_wconf 88' lang='lat' dir='ltr'>providentiam</span> <span class='ocrx_word' id='word_1_212' title='bbox 912 2280 1032 2331; x_wconf 87' lang='lat' dir='ltr'>naturae</span> <span class='ocrx_word' id='word_1_213' title='bbox 1049 2289 1093 2332; x_wconf 89' lang='lat' dir='ltr'>sa·</span> 
     </span>
    </p>

    <p class='ocr_par' dir='ltr' id='par_1_8' title="bbox 56 2352 1137 2764">
     <span class='ocr_line' id='line_1_26' title="bbox 56 2352 1095 2434; baseline -0.002 -19"><span class='ocrx_word' id='word_1_214' title='bbox 56 2375 82 2415; x_wconf 81' lang='lat' dir='ltr'>aa</span> <span class='ocrx_word' id='word_1_215' title='bbox 91 2355 128 2413; x_wconf 93' lang='lat' dir='ltr'>tis</span> <span class='ocrx_word' id='word_1_216' title='bbox 148 2353 245 2414; x_wconf 90' lang='lat' dir='ltr'>mirari</span> <span class='ocrx_word' id='word_1_217' title='bbox 262 2352 457 2431; x_wconf 87' lang='lat' dir='ltr'>amplectique</span> <span class='ocrx_word' id='word_1_218' title='bbox 470 2370 528 2412; x_wconf 90' lang='lat' dir='ltr'>non</span> <span class='ocrx_word' id='word_1_219' title='bbox 544 2363 598 2414; x_wconf 91' lang='lat' dir='ltr'>est.</span> <span class='ocrx_word' id='word_1_220' title='bbox 635 2355 756 2414; x_wconf 89' lang='lat' dir='ltr'>dederat</span> <span class='ocrx_word' id='word_1_221' title='bbox 772 2373 843 2434; x_wconf 91' lang='lat' dir='ltr'>quas</span> <span class='ocrx_word' id='word_1_222' title='bbox 863 2355 983 2414; x_wconf 83' lang='lat' dir='ltr'>diximus</span> <span class='ocrx_word' id='word_1_223' title='bbox 998 2354 1095 2414; x_wconf 92' lang='lat' dir='ltr'>mollis</span> 
     </span>
     <span class='ocr_line' id='line_1_27' title="bbox 93 2436 1095 2516; baseline 0 -20"><span class='ocrx_word' id='word_1_224' title='bbox 93 2436 224 2515; x_wconf 91' lang='lat' dir='ltr'>cibisque</span> <span class='ocrx_word' id='word_1_225' title='bbox 242 2446 357 2513; x_wconf 87' lang='lat' dir='ltr'>gratas,</span> <span class='ocrx_word' id='word_1_226' title='bbox 387 2439 520 2516; x_wconf 81' lang='lat' dir='ltr'>pinxerat</span> <span class='ocrx_word' id='word_1_227' title='bbox 540 2438 670 2499; x_wconf 88' lang='lat' dir='ltr'>remedia</span> <span class='ocrx_word' id='word_1_228' title='bbox 685 2439 713 2496; x_wconf 91' lang='lat' dir='ltr'>in</span> <span class='ocrx_word' id='word_1_229' title='bbox 740 2437 860 2498; x_wconf 90' lang='lat' dir='ltr'>lloribus</span> <span class='ocrx_word' id='word_1_230' title='bbox 882 2439 1005 2516; x_wconf 87' lang='lat' dir='ltr'>visuque</span> <span class='ocrx_word' id='word_1_231' title='bbox 1029 2440 1095 2515; x_wconf 90' lang='lat' dir='ltr'>ipso</span> 
     </span>
     <span class='ocr_line' id='line_1_28' title="bbox 91 2520 1137 2598; baseline 0.004 -18"><span class='ocrx_word' id='word_1_232' title='bbox 91 2521 201 2580; x_wconf 88' lang='lat' dir='ltr'>animos</span> <span class='ocrx_word' id='word_1_233' title='bbox 227 2520 398 2580; x_wconf 86' lang='lat' dir='ltr'>invitaverat</span> <span class='ocrx_word' id='word_1_234' title='bbox 420 2520 503 2579; x_wconf 90' lang='lat' dir='ltr'>etiam</span> <span class='ocrx_word' id='word_1_235' title='bbox 529 2520 641 2580; x_wconf 90' lang='lat' dir='ltr'>deliciis</span> <span class='ocrx_word' id='word_1_236' title='bbox 674 2521 779 2581; x_wconf 85' lang='lat' dir='ltr'>auxilia</span> <span class='ocrx_word' id='word_1_237' title='bbox 806 2522 994 2598; x_wconf 89' lang='lat' dir='ltr'>permiscens.</span> <span class='ocrx_word' id='word_1_238' title='bbox 1042 2529 1137 2586; x_wconf 76' lang='lat' dir='ltr'>eru-17</span> 
     </span>
     <span class='ocr_line' id='line_1_29' title="bbox 92 2602 1096 2682; baseline 0.003 -20"><span class='ocrx_word' id='word_1_239' title='bbox 92 2603 232 2680; x_wconf 88' lang='lat' dir='ltr'>cogitavit</span> <span class='ocrx_word' id='word_1_240' title='bbox 252 2602 364 2680; x_wconf 87' lang='lat' dir='ltr'>aliquas</span> <span class='ocrx_word' id='word_1_241' title='bbox 386 2603 526 2680; x_wconf 92' lang='lat' dir='ltr'>adspectu</span> <span class='ocrx_word' id='word_1_242' title='bbox 542 2603 690 2682; x_wconf 91' lang='lat' dir='ltr'>bispidas,</span> <span class='ocrx_word' id='word_1_243' title='bbox 711 2613 790 2664; x_wconf 89' lang='lat' dir='ltr'>tactu</span> <span class='ocrx_word' id='word_1_244' title='bbox 812 2605 917 2678; x_wconf 87' lang='lat' dir='ltr'>trucis,</span> <span class='ocrx_word' id='word_1_245' title='bbox 938 2612 969 2663; x_wconf 93' lang='lat' dir='ltr'>ut</span> <span class='ocrx_word' id='word_1_246' title='bbox 989 2613 1096 2665; x_wconf 88' lang='lat' dir='ltr'>tantam</span> 
     </span>
     <span class='ocr_line' id='line_1_30' title="bbox 92 2685 1094 2764; baseline 0.001 -19"><span class='ocrx_word' id='word_1_247' title='bbox 92 2703 150 2745; x_wconf 90' lang='lat' dir='ltr'>non</span> <span class='ocrx_word' id='word_1_248' title='bbox 164 2702 269 2744; x_wconf 85' lang='lat' dir='ltr'>vocem</span> <span class='ocrx_word' id='word_1_249' title='bbox 284 2685 374 2762; x_wconf 91' lang='lat' dir='ltr'>ipsius</span> <span class='ocrx_word' id='word_1_250' title='bbox 397 2685 529 2762; x_wconf 87' lang='lat' dir='ltr'>lingentis</span> <span class='ocrx_word' id='word_1_251' title='bbox 544 2687 610 2747; x_wconf 90' lang='lat' dir='ltr'>illas</span> <span class='ocrx_word' id='word_1_252' title='bbox 629 2689 828 2764; x_wconf 92' lang='lat' dir='ltr'>rationemque</span> <span class='ocrx_word' id='word_1_253' title='bbox 843 2686 990 2746; x_wconf 89' lang='lat' dir='ltr'>reddentis</span> <span class='ocrx_word' id='word_1_254' title='bbox 1007 2707 1094 2748; x_wconf 87' lang='lat' dir='ltr'>exau-</span> 
     </span>
    </p>

    <p class='ocr_par' dir='ltr' id='par_1_9' title="bbox 56 2768 1095 3178">
     <span class='ocr_line' id='line_1_31' title="bbox 56 2768 1095 2849; baseline -0.003 -16"><span class='ocrx_word' id='word_1_255' title='bbox 56 2790 83 2833; x_wconf 84' lang='lat' dir='ltr'>ao</span> <span class='ocrx_word' id='word_1_256' title='bbox 92 2770 154 2829; x_wconf 90' lang='lat' dir='ltr'>dire</span> <span class='ocrx_word' id='word_1_257' title='bbox 171 2768 336 2845; x_wconf 89' lang='lat' dir='ltr'>videamur,</span> <span class='ocrx_word' id='word_1_258' title='bbox 360 2787 397 2828; x_wconf 91' lang='lat' dir='ltr'>ne</span> <span class='ocrx_word' id='word_1_259' title='bbox 412 2786 445 2828; x_wconf 92' lang='lat' dir='ltr'>se</span> <span class='ocrx_word' id='word_1_260' title='bbox 457 2769 597 2846; x_wconf 89' lang='lat' dir='ltr'>depascat</span> <span class='ocrx_word' id='word_1_261' title='bbox 611 2771 693 2832; x_wconf 91' lang='lat' dir='ltr'>avida</span> <span class='ocrx_word' id='word_1_262' title='bbox 707 2769 876 2848; x_wconf 90' lang='lat' dir='ltr'>quadripes,</span> <span class='ocrx_word' id='word_1_263' title='bbox 900 2788 936 2829; x_wconf 93' lang='lat' dir='ltr'>ne</span> <span class='ocrx_word' id='word_1_264' title='bbox 952 2788 1095 2849; x_wconf 92' lang='lat' dir='ltr'>procaces</span> 
     </span>
     <span class='ocr_line' id='line_1_32' title="bbox 92 2851 1095 2930; baseline -0.001 -20"><span class='ocrx_word' id='word_1_265' title='bbox 92 2869 191 2910; x_wconf 92' lang='lat' dir='ltr'>manus</span> <span class='ocrx_word' id='word_1_266' title='bbox 217 2852 344 2928; x_wconf 88' lang='lat' dir='ltr'>rapiant,</span> <span class='ocrx_word' id='word_1_267' title='bbox 363 2871 400 2911; x_wconf 89' lang='lat' dir='ltr'>ne</span> <span class='ocrx_word' id='word_1_268' title='bbox 425 2851 561 2928; x_wconf 84' lang='lat' dir='ltr'>neglecta</span> <span class='ocrx_word' id='word_1_269' title='bbox 584 2854 709 2930; x_wconf 86' lang='lat' dir='ltr'>vestigia</span> <span class='ocrx_word' id='word_1_270' title='bbox 736 2862 887 2930; x_wconf 87' lang='lat' dir='ltr'>opterant,</span> <span class='ocrx_word' id='word_1_271' title='bbox 910 2872 946 2912; x_wconf 91' lang='lat' dir='ltr'>ne</span> <span class='ocrx_word' id='word_1_272' title='bbox 968 2854 1095 2913; x_wconf 90' lang='lat' dir='ltr'>insidens</span> 
     </span>
     <span class='ocr_line' id='line_1_33' title="bbox 93 2934 1094 3014; baseline -0.002 -19"><span class='ocrx_word' id='word_1_273' title='bbox 93 2935 155 2995; x_wconf 91' lang='lat' dir='ltr'>ales</span> <span class='ocrx_word' id='word_1_274' title='bbox 172 2934 326 3011; x_wconf 78' lang='lat' dir='ltr'>infringat,</span> <span class='ocrx_word' id='word_1_275' title='bbox 349 2935 393 2994; x_wconf 93' lang='lat' dir='ltr'>his</span> <span class='ocrx_word' id='word_1_276' title='bbox 413 2935 566 2996; x_wconf 88' lang='lat' dir='ltr'>muniendo</span> <span class='ocrx_word' id='word_1_277' title='bbox 588 2937 699 2996; x_wconf 89' lang='lat' dir='ltr'>aculeis</span> <span class='ocrx_word' id='word_1_278' title='bbox 719 2936 845 3014; x_wconf 91' lang='lat' dir='ltr'>telisque</span> <span class='ocrx_word' id='word_1_279' title='bbox 867 2935 1019 3010; x_wconf 93' lang='lat' dir='ltr'>armando,</span> <span class='ocrx_word' id='word_1_280' title='bbox 1050 2953 1094 2994; x_wconf 87' lang='lat' dir='ltr'>re·</span> 
     </span>
     <span class='ocr_line' id='line_1_34' title="bbox 91 3017 1093 3103; baseline -0.002 -25"><span class='ocrx_word' id='word_1_281' title='bbox 91 3018 193 3078; x_wconf 90' lang='lat' dir='ltr'>mediis</span> <span class='ocrx_word' id='word_1_282' title='bbox 204 3025 239 3076; x_wconf 92' lang='lat' dir='ltr'>ut</span> <span class='ocrx_word' id='word_1_283' title='bbox 253 3026 312 3103; x_wconf 64' lang='lat' dir='ltr'>tug</span> <span class='ocrx_word' id='word_1_284' title='bbox 328 3035 363 3078; x_wconf 90' lang='lat' dir='ltr'>ac</span> <span class='ocrx_word' id='word_1_285' title='bbox 377 3018 458 3078; x_wconf 89' lang='lat' dir='ltr'>salva</span> <span class='ocrx_word' id='word_1_286' title='bbox 474 3019 539 3078; x_wconf 90' lang='lat' dir='ltr'>sint.</span> <span class='ocrx_word' id='word_1_287' title='bbox 572 3021 611 3078; x_wconf 94' lang='lat' dir='ltr'>ita</span> <span class='ocrx_word' id='word_1_288' title='bbox 625 3019 683 3078; x_wconf 93' lang='lat' dir='ltr'>boc</span> <span class='ocrx_word' id='word_1_289' title='bbox 704 3037 820 3097; x_wconf 92' lang='lat' dir='ltr'>quoque</span> <span class='ocrx_word' id='word_1_290' title='bbox 836 3019 914 3097; x_wconf 92' lang='lat' dir='ltr'>quod</span> <span class='ocrx_word' id='word_1_291' title='bbox 930 3019 959 3077; x_wconf 94' lang='lat' dir='ltr'>in</span> <span class='ocrx_word' id='word_1_292' title='bbox 979 3019 1014 3078; x_wconf 89' lang='lat' dir='ltr'>iis</span> <span class='ocrx_word' id='word_1_293' title='bbox 1033 3017 1093 3077; x_wconf 92' lang='lat' dir='ltr'>odi-</span> 
     </span>
     <span class='ocr_line' id='line_1_35' title="bbox 91 3101 705 3178; baseline -0.005 -15"><span class='ocrx_word' id='word_1_294' title='bbox 91 3120 154 3163; x_wconf 91' lang='lat' dir='ltr'>mus</span> <span class='ocrx_word' id='word_1_295' title='bbox 170 3101 314 3161; x_wconf 85' lang='lat' dir='ltr'>bominum</span> <span class='ocrx_word' id='word_1_296' title='bbox 334 3119 420 3161; x_wconf 89' lang='lat' dir='ltr'>causa</span> <span class='ocrx_word' id='word_1_297' title='bbox 438 3104 633 3178; x_wconf 86' lang='lat' dir='ltr'>excogitatum</span> <span class='ocrx_word' id='word_1_298' title='bbox 651 3110 705 3161; x_wconf 88' lang='lat' dir='ltr'>est.</span> 
     </span>
    </p>

    <p class='ocr_par' dir='ltr' id='par_1_10' title="bbox 57 3183 1138 3514">
     <span class='ocr_line' id='line_1_36' title="bbox 57 3183 1138 3264; baseline 0.001 -17"><span class='ocrx_word' id='word_1_299' title='bbox 57 3211 84 3253; x_wconf 74' lang='lat' dir='ltr'>ao</span> <span class='ocrx_word' id='word_1_300' title='bbox 154 3189 182 3247; x_wconf 88' lang='lat'>7.</span> <span class='ocrx_word' id='word_1_301' title='bbox 207 3183 270 3264; x_wconf 87' lang='lat'><strong>(8.)</strong></span> <span class='ocrx_word' id='word_1_302' title='bbox 294 3183 380 3245; x_wconf 80' lang='lat' dir='ltr'>Clara</span> <span class='ocrx_word' id='word_1_303' title='bbox 408 3186 436 3242; x_wconf 91' lang='lat' dir='ltr'>in</span> <span class='ocrx_word' id='word_1_304' title='bbox 465 3185 567 3262; x_wconf 91' lang='lat' dir='ltr'>primis·</span> <span class='ocrx_word' id='word_1_305' title='bbox 593 3186 787 3245; x_wconf 88' lang='lat' dir='ltr'>aculeatarum</span> <span class='ocrx_word' id='word_1_306' title='bbox 819 3204 928 3262; x_wconf 82' lang='lat' dir='ltr'>erynge</span> <span class='ocrx_word' id='word_1_307' title='bbox 957 3194 1001 3245; x_wconf 92' lang='lat' dir='ltr'>est</span> <span class='ocrx_word' id='word_1_308' title='bbox 1028 3186 1091 3244; x_wconf 90' lang='lat' dir='ltr'>sive</span> <span class='ocrx_word' id='word_1_309' title='bbox 1104 3194 1138 3248; x_wconf 90' lang='lat'>18</span> 
     </span>
     <span class='ocr_line' id='line_1_37' title="bbox 94 3269 1094 3346; baseline 0.001 -18"><span class='ocrx_word' id='word_1_310' title='bbox 94 3272 235 3346; x_wconf 72' lang='lat' dir='ltr'>eryngion</span> <span class='ocrx_word' id='word_1_311' title='bbox 253 3277 352 3328; x_wconf 89' lang='lat' dir='ltr'>contra</span> <span class='ocrx_word' id='word_1_312' title='bbox 371 3269 518 3346; x_wconf 88' lang='lat' dir='ltr'>serpentis</span> <span class='ocrx_word' id='word_1_313' title='bbox 539 3277 569 3328; x_wconf 91' lang='lat' dir='ltr'>et</span> <span class='ocrx_word' id='word_1_314' title='bbox 583 3286 695 3328; x_wconf 88' lang='lat' dir='ltr'>venena</span> <span class='ocrx_word' id='word_1_315' title='bbox 715 3272 808 3330; x_wconf 90' lang='lat' dir='ltr'>omnia</span> <span class='ocrx_word' id='word_1_316' title='bbox 828 3287 961 3331; x_wconf 90' lang='lat' dir='ltr'>nascens.</span> <span class='ocrx_word' id='word_1_317' title='bbox 993 3269 1094 3329; x_wconf 89' lang='lat' dir='ltr'>adver·</span> 
     </span>
     <span class='ocr_line' id='line_1_38' title="bbox 93 3351 1095 3432; baseline 0.004 -24"><span class='ocrx_word' id='word_1_318' title='bbox 93 3368 142 3408; x_wconf 93' lang='lat' dir='ltr'>sus</span> <span class='ocrx_word' id='word_1_319' title='bbox 162 3353 236 3412; x_wconf 88' lang='lat' dir='ltr'>ictus</span> <span class='ocrx_word' id='word_1_320' title='bbox 252 3369 424 3429; x_wconf 88' lang='lat' dir='ltr'>morsusque</span> <span class='ocrx_word' id='word_1_321' title='bbox 443 3351 526 3411; x_wconf 86' lang='lat' dir='ltr'>radix</span> <span class='ocrx_word' id='word_1_322' title='bbox 541 3353 603 3412; x_wconf 88' lang='lat' dir='ltr'>eius</span> <span class='ocrx_word' id='word_1_323' title='bbox 624 3352 729 3412; x_wconf 93' lang='lat' dir='ltr'>bibitur</span> <span class='ocrx_word' id='word_1_324' title='bbox 744 3353 897 3413; x_wconf 87' lang='lat' dir='ltr'>drachmae</span> <span class='ocrx_word' id='word_1_325' title='bbox 916 3353 1045 3432; x_wconf 91' lang='lat' dir='ltr'>pondere</span> <span class='ocrx_word' id='word_1_326' title='bbox 1068 3354 1095 3412; x_wconf 94' lang='lat' dir='ltr'>in</span> 
     </span>
     <span class='ocr_line' id='line_1_39' title="bbox 89 3432 1108 3514; baseline -0.002 -25"><span class='ocrx_word' id='word_1_327' title='bbox 89 3432 159 3490; x_wconf 80' lang='lat' dir='ltr'>¹uino</span> <span class='ocrx_word' id='word_1_328' title='bbox 181 3443 243 3508; x_wconf 87' lang='lat' dir='ltr'>aut,</span> <span class='ocrx_word' id='word_1_329' title='bbox 263 3437 287 3494; x_wconf 90' lang='lat' dir='ltr'>si</span> <span class='ocrx_word' id='word_1_330' title='bbox 308 3435 479 3514; x_wconf 89' lang='lat' dir='ltr'>plerumque</span> <span class='ocrx_word' id='word_1_331' title='bbox 496 3436 563 3496; x_wconf 91' lang='lat' dir='ltr'>talis</span> <span class='ocrx_word' id='word_1_332' title='bbox 584 3437 700 3496; x_wconf 90' lang='lat' dir='ltr'>iniurias</span> <span class='ocrx_word' id='word_1_333' title='bbox 718 3438 870 3497; x_wconf 87' lang='lat' dir='ltr'>comitetur</span> <span class='ocrx_word' id='word_1_334' title='bbox 885 3447 914 3496; x_wconf 89' lang='lat' dir='ltr'>et</span> <span class='ocrx_word' id='word_1_335' title='bbox 929 3437 1048 3505; x_wconf 72' lang='lat' dir='ltr'>febris,</span> <span class='ocrx_word' id='word_1_336' title='bbox 1060 3453 1108 3488; x_wconf 60' lang='lat' dir='ltr'>ex</span> 
     </span>
    </p>
   </div>
   <div class='ocr_carea' id='block_1_3' title="bbox 0 0 1220 3840">
    <p class='ocr_par' dir='ltr' id='par_1_11' title="bbox 0 0 1220 3840">
     <span class='ocr_line' id='line_1_40' title="bbox 0 0 1220 3840; baseline 0 0"><span class='ocrx_word' id='word_1_337' title='bbox 0 0 1220 3840; x_wconf 95' lang='lat' dir='ltr'> </span> 
     </span>
    </p>
   </div>
  </div>
 </body>
</html>
