2422 3840
139 181 179 242 20
465 190 495 238 c.
512 189 608 236 rnruu
624 187 773 236 sncuunu

140 347 255 406 circiter
278 357 325 404 xv
347 342 457 403 diebus.
494 345 596 402 iterum
622 343 781 418 germinant
807 348 972 400 transeunte
997 342 1132 418 geminos

139 429 213 488 soie.
255 430 299 486 sic
325 427 356 484 iit
384 435 415 485 ut
435 427 526 504 primu
546 428 693 486 cacumina
719 423 818 502 inpelli
846 425 954 484 secutis
981 424 1132 502 adpareat,

99 524 147 575 101
160 510 323 588 geniculato
348 511 535 570 incremento.
575 509 659 568 tertia
680 516 725 567 est
743 508 899 567 earundem
923 506 959 567 ad
978 507 1133 575 solstitium

139 594 319 668 brevissima,
335 611 390 652 nec
405 594 507 653 diutius
522 593 651 670 septenis
669 591 782 665 diebus,
796 590 933 669 clareque
946 600 974 651 et
988 599 1057 650 tunc
1069 609 1133 651 cer·

140 678 214 737 nitur
239 678 469 737 excrescentium
495 678 669 736 cacuminum
695 674 867 734 articulatio.
906 673 981 733 Vitis
1000 674 1066 735 sola
1088 674 1158 734 bisu

140 761 275 837 parturit,
308 777 372 818 cum
397 762 516 838 primum
542 761 642 819 emittit
668 776 767 831 uvam,
798 759 902 817 iterum
927 774 990 816 cunr
1015 757 1133 835 digerit.

141 859 239 902 eorum
271 860 345 921 quae
370 860 427 902 non
452 843 556 902 dorent
584 851 682 921 partus
709 849 815 900 tentum
843 849 889 901 est
917 849 946 900 et
973 843 1132 901 nruturitas.

99 936 150 987 102
158 925 305 997 Quaedam
321 927 413 984 statim
428 928 456 984 in
470 927 676 1002 germinatione
691 924 795 983 dorent
809 932 1024 1002 properantque
1039 925 1070 983 iu
1084 940 1133 999 eo,

140 1008 192 1066 sed
214 1007 295 1066 tarde
314 1016 523 1082 maturescunt,
549 1017 580 1066 ut
599 1009 682 1066 vites.
720 1007 848 1066 serotino
868 1007 1009 1086 quaedam
1027 1009 1134 1084 germi-

139 1099 205 1149 natu
221 1090 325 1150 florent
341 1100 538 1168 maturantque
560 1090 711 1164 celeriter,
731 1090 819 1148 sicuti
833 1108 931 1150 morus
948 1107 1022 1167 quse
1035 1092 1167 1150 nouis-1⁰

141 1176 211 1232 sima
236 1173 404 1233 urbanarum
428 1174 568 1249 germinat
593 1191 649 1232 nec
674 1174 728 1232 nisi
753 1182 858 1232 exacto
883 1174 1014 1251 frigore,
1041 1172 1088 1233 ob·
1105 1173 1136 1233 id

141 1257 215 1316 dicta
236 1256 443 1335 sapientissima
458 1256 600 1316 arborum.
631 1256 684 1315 sed
700 1274 763 1315 cum
779 1258 886 1334 coepit,
906 1258 935 1315 in
950 1264 1059 1316 tautum
1073 1257 1134 1315 nni·

140 1357 225 1398 versa
241 1340 409 1415 germinatio
425 1341 547 1417 erumpit
565 1348 595 1398 ut
615 1357 669 1398 une
689 1347 775 1398 nocte
797 1349 952 1417 peragatur
968 1340 1055 1399 etiarn
1071 1356 1136 1399 oum

141 1424 271 1500 strepitu.

99 1512 149 1565 103
219 1504 301 1584 (42.)
329 1504 374 1564 Ex
390 1506 434 1565 his
451 1523 524 1584 quae
540 1507 633 1566 hienae
649 1504 745 1584 aquila
761 1507 927 1579 exoriente,
947 1513 978 1563 ut
998 1504 1132 1581 diximus,
1144 1517 1167 1558 u

98 1585 121 1617 ⁹⁹
143 1590 306 1666 concipiunt
334 1588 418 1648 iioret
438 1591 528 1666 prima
551 1590 673 1648 omnium
693 1588 843 1665 amygdala
863 1605 963 1646 mense
989 1589 1133 1663 lenumio,

140 1669 242 1730 Martio
258 1689 328 1730 vero
344 1689 458 1748 pomum
472 1682 601 1732 maturat.
634 1672 670 1732 ab
686 1689 721 1731 ea
738 1689 895 1748 proxumae
911 1671 1016 1730 dorent
1031 1670 1133 1733 Arme·

140 1754 241 1828 niaca,
257 1754 322 1813 dein
334 1753 454 1812 tubures
471 1765 500 1813 et
510 1771 689 1831 praecoces,
706 1753 774 1814 illae
787 1754 977 1833 peregrinae,
994 1753 1050 1814 hae
1066 1772 1133 1815 coa·

141 1844 221 1910 ctae,
245 1836 345 1894 ordine
361 1845 454 1895 autem
468 1846 585 1896 naturae
608 1838 781 1897 silvestrium
795 1838 905 1915 primae
923 1835 1068 1912 sabucus,
1087 1839 1133 1897 cui

79 1949 80 1952 =
140 1917 264 1976 medulla
280 1918 423 1994 pluruma,
446 1928 474 1978 et
492 1922 535 1978 cui
556 1920 649 1995 nulla,
672 1937 776 1979 cornus
796 1920 940 1994 mascula,
960 1918 1168 1979 urbanarumso

140 1999 231 2058 malus
248 2017 397 2079 parvoque
412 2012 488 2079 post,
504 2013 535 2063 ut
550 2003 632 2062 simul
647 2005 739 2079 possit
754 2003 857 2077 videri,
874 2003 953 2079 pirus
969 2011 999 2060 et
1013 2020 1133 2083 cerasus

100 2091 150 2145 104
159 2091 187 2140 et
208 2100 324 2158 prunus.
356 2087 485 2162 sequitur
507 2087 619 2160 laurus,
642 2085 719 2145 ilium
741 2102 912 2163 cupressus,
935 2083 1001 2163 dein
1016 2086 1133 2163 punica,

141 2165 196 2223 tici.
228 2174 257 2224 et
269 2168 343 2226 uites
359 2177 388 2227 et
404 2169 488 2229 oleae
509 2169 677 2229 florentibus
697 2172 752 2228 iam
771 2168 1012 2244 iris-germinent,
1036 2169 1133 2228 conci·

141 2250 220 2326 piunt
234 2252 417 2328 vergiliarum
433 2263 544 2313 exortu.
575 2253 631 2313 hoc
642 2251 720 2311 sidus
729 2252 841 2311 illarum
853 2261 906 2310 est.
937 2250 1023 2310 duret
1038 2260 1134 2311 antem

140 2332 264 2391 solstitio
280 2335 346 2393 vitis
364 2343 393 2394 et
409 2353 482 2413 quae
500 2336 586 2414 paulo
601 2336 694 2394 serius
715 2337 814 2412 incipit
829 2335 906 2393 olea.
937 2333 1134 2395 deflorescunt
1142 2353 1167 2394 eu

139 2417 232 2474 omnia
254 2420 382 2495 septenis
405 2419 507 2478 diebus
528 2437 585 2478 non
607 2418 749 2493 celerius,
771 2417 911 2494 quaedum
931 2417 1057 2493 tardius,
1080 2417 1134 2477 aed

138 2497 216 2556 nulla
230 2499 359 2575 pluribus
373 2502 418 2560 bis
434 2504 579 2580 septenis,
596 2503 689 2560 omnia
707 2508 735 2559 et
750 2502 822 2560 intra
832 2511 905 2559 vm.
921 2499 985 2559 idus
1000 2498 1053 2559 lul.
1073 2509 1134 2561 ete·

139 2580 243 2638 siarum
258 2599 424 2657 praecursu.
1041 2616 1044 2621 ·

100 2671 148 2722 105
220 2663 271 2726 26.
296 2666 379 2745 (43.)
405 2666 468 2726 Nec
484 2669 577 2726 statim
589 2667 700 2726 fructus
712 2667 842 2744 sequitur
854 2666 882 2726 in
893 2666 1046 2743 aliquibus.
1069 2683 1133 2726 cor·

138 2762 190 2804 nus
208 2745 282 2805 enirn
298 2749 375 2807 circa
393 2749 517 2808 solstitie
531 2749 624 2809 reddit
640 2751 731 2827 primo
753 2749 918 2827 candidum,
940 2758 1044 2827 postea
1067 2766 1166 2810 sau-au

138 2829 281 2904 guineum.
312 2848 349 2889 ex
371 2849 406 2892 eo
427 2849 538 2909 genere
559 2832 663 2891 femina
692 2840 758 2908 post
784 2842 945 2893 autumnum
967 2833 1026 2893 fert
1042 2832 1133 2895 bacas

139 2911 260 2971 acerbas
285 2921 314 2972 et
339 2912 519 2990 ingustabiiis
543 2917 651 2973 cunctis
678 2916 881 2992 animantibus,
908 2917 987 2993 ligno
1015 2934 1132 2995 quoque

139 2992 264 3071 fungoso
288 3005 316 3055 et
336 2997 443 3072 inutili,
467 3015 531 3056 cum
550 3015 611 3057 mas
630 3016 645 3057 e
661 2998 823 3058 fortissimis
845 3000 1063 3078 durissimisque
1085 3001 1130 3060 sit.

99 3084 148 3138 106
159 3083 237 3136 tanta
257 3077 418 3139 differentia
439 3079 474 3138 ab
495 3081 599 3140 eodem
622 3100 732 3158 genere
750 3083 789 3142 iit.
825 3083 877 3143 sed
900 3091 931 3143 et
951 3082 1133 3143 terebinthus

138 3159 283 3219 messibus
297 3161 390 3221 reddit
408 3181 507 3222 semen
525 3173 554 3224 et
570 3182 640 3225 ucer
655 3175 683 3224 et
697 3167 843 3242 fraxinus,
864 3184 954 3226 nuces
970 3166 1091 3227 et·nualn
1105 3173 1167 3226 etas

138 3242 200 3318 pira
216 3252 416 3323 praeterquam
430 3245 548 3306 hiberna
564 3257 612 3308 aut
624 3251 779 3327 praecocia
793 3257 936 3325 uutnmno,
952 3248 1134 3327 glandiferae

139 3327 1133 3409 seriusetiamnum,vergiliarumoocesu,aesculustautumautumno,

139 3408 293 3488 incipiente
305 3420 399 3472 autem
411 3414 505 3474 hieme
517 3415 658 3493 quaedam
669 3434 777 3493 genera
788 3416 856 3475 mali
867 3416 980 3495 pirique
993 3424 1023 3476 et
1034 3416 1132 3477 suber.
