2422 3840
114 144 155 205 24
450 149 480 197 c.
503 149 600 196 emm
623 146 773 195 saccum
884 126 888 132 ’

113 311 184 372 rami
199 309 282 368 luere
299 304 493 385 praecidatur,
510 303 588 382 quod
608 309 743 382 superest
759 302 840 376 vivit,
854 302 962 361 sivero
979 318 1121 365 cacumen

114 403 222 455 tantum
237 392 394 464 auferatur,
411 397 472 447 tota
490 389 618 448 moritur.
650 387 708 447 alia
723 385 760 447 ab
775 386 875 447 radice
891 385 1073 462 bracchiata,
1088 395 1121 447 ut

115 479 218 550 ulmus,
235 475 291 535 alia
308 474 337 532 in
350 473 498 533 cacumine
511 487 636 545 ramosa,
653 479 684 530 ut
696 470 791 548 pinus,
808 469 875 530 laha
891 468 1015 546 Graeca,
1032 488 1121 548 quam

115 561 224 620 Romae
237 577 254 618 a
266 557 406 617 suavitate
415 556 526 615 fructus
536 555 729 614 -silvestris
741 555 868 632 quidem,
882 552 935 613 sed
949 569 1121 625 cerasorum

74 654 225 723 lalpaene
238 640 476 702 natura-loton
493 639 652 717 appellant.
679 639 839 716 praecipue
857 637 990 699 domibus
1005 641 1145 716 expeti-s

115 738 160 789 tur
174 743 317 786 ramorum
336 724 493 803 petulantia
510 722 593 782 brevi
606 722 727 782 caudice
744 720 883 784 latissima
896 723 1121 800 exspatiantibus

115 811 212 871 umbra
238 819 266 869 et
286 811 315 868 in
333 809 443 869 vicinas
468 807 572 881 domos
587 824 678 884 saepe
694 806 923 866 transilientium.
954 804 1033 867 nulla
1047 823 1120 886 opa-

116 897 187 955 citas
213 893 347 966 hrevior,
373 910 429 950 nec
455 891 549 951 aufert
568 891 663 950 solem
684 890 780 950 hieme
802 889 1005 953 decidentibus
1027 890 1119 950 loliis.

114 979 201 1039 nullis
216 987 319 1037 cortex
335 975 484 1035 iucundior
499 983 547 1034 aut
560 974 663 1034 oculos
686 974 836 1051 excipiens
861 973 1011 1049 blandius,
1032 974 1120 1037 nolhs

115 1063 184 1122 rami
200 1061 350 1138 longiores
367 1058 584 1137 validioresque
609 1067 656 1119 aut
676 1056 793 1135 plures,
815 1066 846 1117 ut
869 1058 980 1118 dixisse
998 1059 1120 1120 totidem
1130 1079 1156 1122 ro

115 1145 236 1205 arbores
258 1144 355 1203 liceat.
394 1143 505 1202 cortice
526 1141 612 1219 pellis
635 1143 761 1219 tingunt,
786 1141 886 1201 radice
910 1142 1001 1203 lanas.
1035 1143 1119 1205 malis

115 1229 263 1306 proprium
280 1244 382 1304 genus.
414 1226 540 1287 ferarum
551 1226 626 1285 enim
641 1234 737 1286 rostra
754 1225 877 1287 reddunt
891 1225 1121 1288 adhaerentibus

115 1313 162 1370 uni
179 1329 311 1371 maxumo
331 1309 500 1369 minoribus.
805 1340 808 1346 ·

76 1406 123 1458 tuo
196 1395 279 1474 (54.)
310 1395 466 1454 Remorum
481 1393 568 1472 aliqui
584 1394 680 1468 caeci,
704 1392 752 1473 qui
769 1409 827 1453 non
842 1394 1023 1470 germinant,
1039 1394 1119 1472 quod

114 1488 214 1539 natura
229 1480 270 1554 lit,
288 1480 311 1538 si
327 1495 385 1538 non
401 1476 549 1552 evaluere,
566 1486 614 1537 aut
626 1494 732 1555 poena,
746 1495 809 1537 cum
822 1476 977 1554 deputatos
994 1478 1119 1539 cicatrix
1129 1492 1155 1532 ιι

114 1563 271 1624 hebetavit.
308 1581 381 1642 quae
409 1561 531 1622 dividuis
557 1562 586 1620 in
612 1578 692 1621 ramo
720 1570 822 1620 natura
847 1571 893 1620 est
918 1562 996 1622 haec·
1016 1562 1068 1622 viti
1090 1563 1120 1621 in

115 1648 217 1722 oculo,
234 1646 384 1706 harundini
397 1647 425 1704 in
441 1646 588 1723 geniculo.
620 1647 744 1706 omnium
763 1654 860 1720 terrae
881 1661 1022 1723 proxuma
1033 1663 1118 1706 ‚cras-

115 1731 202 1789 siora.
233 1733 261 1789 in
281 1729 489 1805 longitudinem
509 1738 684 1788 excrescunt
699 1729 797 1803 abies,
821 1729 912 1804 larix,
929 1730 1041 1806 palma,
1070 1747 1117 1789 cu·

115 1831 245 1890 pressus,
259 1813 352 1871 ulmus
368 1821 397 1871 et
413 1814 438 1870 si
453 1829 508 1891 qua
517 1813 676 1890 unistirpia.
707 1829 885 1873 ramosarum
897 1831 1017 1874 cerasus
1032 1814 1119 1887 etiam

95 1898 142 1970 in
164 1909 211 1955 xm
227 1895 388 1957 cubitorum
409 1895 500 1954 trahis
522 1895 636 1973 aequali
661 1914 714 1973 per
736 1905 825 1956 totam
847 1897 932 1956 duum
954 1897 1117 1957 cubitorum
1126 1915 1155 1957 ao

115 1981 304 2041 crassitudine
321 1980 476 2057 reperitur.
507 1979 647 2058 quaedam
664 1981 758 2039 statim
774 1981 802 2039 in
818 1997 914 2041 ramos
930 1990 1117 2060 sparguntur,

113 2073 144 2123 ut
160 2063 236 2123 mali.
1094 2061 1096 2065 ’

75 2157 122 2210 126
196 2146 245 2207 31.
271 2146 352 2226 (55.)
378 2144 487 2206 Cortex
503 2148 566 2228 aliis
579 2147 683 2223 tenuis,
697 2157 728 2208 ut
743 2149 835 2223 lauro,
851 2148 942 2224 tiliae,
960 2147 1025 2208 aliis
1039 2165 1118 2208 cras·

114 2249 174 2306 sus,
192 2240 222 2291 ut
238 2231 348 2306 robori,
364 2231 428 2290 aliis
443 2230 529 2309 levis,
545 2241 575 2292 ut
589 2231 676 2307 malo,
700 2232 767 2308 lico,
791 2232 867 2292 idem
883 2232 989 2292 scaber
1003 2231 1116 2306 robori,

113 2315 242 2393 palmae,
263 2316 395 2374 omnihus
409 2317 437 2374 in
457 2326 575 2376 senecta
599 2317 744 2392 rugosior.
782 2316 951 2394 quibusdam
975 2316 1117 2393 rumpitur
1125 2331 1152 2372 aa

113 2409 228 2476 sponte,
245 2409 275 2459 ut
290 2401 351 2475 viti,
368 2400 536 2478 quibusdam
552 2401 637 2459 etiam
656 2400 741 2474 cadit,
755 2410 784 2459 ut
797 2401 882 2475 malo,
899 2399 1036 2475 unedoni,
1053 2417 1116 2459 oar-

111 2500 201 2543 nosus
216 2481 329 2557 suberi,
353 2484 481 2561 populo,
504 2482 742 2543 membranaceus
758 2485 826 2559 viti,
848 2483 1014 2559 harundini,
1034 2483 1116 2543 libris

112 2565 212 2625 similis
229 2583 343 2640 ceraso,
359 2566 512 2645 multiplex
527 2567 631 2626 tunicis
642 2565 759 2643 vitibus,
777 2567 866 2643 tiliae,
880 2567 978 2643 abieti,
996 2566 1115 2647 quibus·

112 2649 175 2708 dam
192 2649 326 2726 simplex,
342 2658 371 2708 ut
388 2649 455 2726 lico,
471 2650 630 2714 harundini.

72 2739 120 2795 rat
194 2732 277 2811 (56.)
309 2731 413 2808 Magna
430 2742 459 2792 et
474 2735 601 2794 radicum
618 2733 795 2794 differentia:
823 2735 963 2812 copiosae
981 2736 1050 2811 lico,
1066 2745 1151 2796 ro-tt

111 2814 190 2891 bori,
213 2816 347 2894 platano,
369 2814 475 2875 breves
499 2827 528 2876 et
548 2827 687 2894 angustae
709 2818 802 2893 malo,
826 2819 991 2894 singulares
1014 2818 1114 2896 abieti,

111 2899 203 2959 larici.
236 2900 357 2977 singulis
374 2902 448 2959 enim
465 2901 633 2979 innituntur,
658 2919 828 2980 quamquam
844 2903 957 2963 minutis
972 2903 1001 2961 in
1022 2903 1116 2964 latera

110 2981 260 3059 dispersis.
294 2985 455 3044 crassiores
471 2985 552 3044 lauro
569 2993 598 3044 et
613 2985 798 3063 inaequales,
815 2987 884 3046 item
901 2986 1003 3065 oleae,
1022 2988 1068 3046 cui
1084 2995 1116 3046 et

109 3081 251 3126 ramosae.
289 3077 318 3127 at
342 3067 441 3127 robori
467 3086 617 3128 carnosae.
657 3069 764 3130 robora
793 3087 860 3129 suas
886 3072 915 3129 in
941 3069 1115 3148 profundum

109 3156 205 3224 agunt.
239 3152 263 3208 si
277 3150 410 3227 Vergilio
426 3152 540 3229 quidem
556 3153 716 3231 credimus,
737 3154 873 3214 aesculus
895 3164 1030 3232 quantum
1047 3169 1149 3215 cor-as

68 3239 203 3309 128pore
226 3235 331 3294 eminet
351 3243 458 3294 tantum
478 3237 579 3296 radice
600 3238 761 3303 descendit.
805 3238 892 3298 oleae
916 3238 1058 3316 malisque
1082 3247 1114 3298 et

109 3318 267 3394 cupressis,
285 3335 339 3395 per
354 3336 462 3380 summa
480 3322 649 3400 caespitum,
668 3323 733 3382 aliis
748 3331 831 3382 recto
847 3331 953 3397 meatu,
968 3331 1000 3382 ut
1016 3323 1111 3400 lauro,

108 3398 210 3477 oleae,
238 3401 301 3462 aliis
327 3401 479 3482 llexuoso,
507 3414 539 3465 ut
559 3405 624 3466 lico.
668 3407 782 3467 minutis
802 3406 877 3466 haec
899 3406 1111 3484 capillamentis
