2422 3840
350 188 429 237 nau.
447 187 731 240 u1su.ax.9-11.
750 176 903 255 (ao—44.)
1071 177 1132 240 205

128 351 244 402 vestres
272 343 483 402 interaneorum
511 341 613 420 plagas
645 350 686 405 et¹
702 343 770 403 vitia
800 361 863 402 cum
896 343 1001 422 silphio
1035 344 1132 422 pilulis

130 425 276 486 devoratis
301 426 412 486 sedant.
446 426 548 486 borum
581 443 681 485 sennen
707 435 805 487 contra
826 426 979 504 phalangia
1001 427 1108 487 bibitur
1125 437 1176 491 106

129 510 158 567 in
180 509 257 569 vino.
300 511 356 588 ipsi
378 528 415 570 ax
436 517 520 570 aceto
543 508 696 569 inlinuntur
718 518 818 571 contra
848 513 1025 590 serpentium
1047 513 1131 570 ictus.

130 610 231 652 samen
246 594 354 672 antiqui
369 593 524 653 bibendum
540 591 747 652 insanientibus
764 593 879 654 dabant.
907 594 962 653 llos
981 594 1133 655 bulborum

104 678 214 736 ⁵tritus
238 694 351 737 crurum
378 675 505 736 maculas
536 677 751 753 varietatesque
779 677 847 753 igue
873 677 965 737 factas
990 676 1132 738 emendat.

131 759 252 821 Diocles
270 760 403 820 hebetari
416 760 520 819 oculos
532 758 567 818 ab
582 761 617 819 iis
630 768 719 837 putat.
752 758 846 819 elixos
862 760 936 819 assis
948 761 1038 819 miuus
1056 763 1134 821 utilis

131 861 199 903 esse
218 845 306 903 adicit
321 852 350 902 et
364 842 484 902 dillrcile
503 845 646 922 concoqui
663 861 701 901 ex
716 843 744 901 vi
759 843 983 921 uniuscuiusque
1004 853 1133 904 naturae.

174 927 259 1006 (41.)
286 926 435 986 Bulbinem
459 923 564 987 Graeci
585 934 690 986 vocant
711 925 829 986 herbam
850 929 1001 1005 porraceis
1024 927 1175 1004 foliis,107

130 1009 289 1069 rubicundo
312 1009 412 1071 bulbo.
446 1008 520 1069 haec
543 1011 663 1070 traditur
681 1009 850 1071 volneribus
868 1013 939 1071 mire
954 1012 1041 1072 'utilis
1057 1012 1134 1071 dum·

94 1110 120 1150 ro
130 1102 208 1153 taxat
224 1094 399 1154 recentibus.
423 1093 538 1171 bulbus,
555 1112 640 1174 quem
656 1096 836 1154 vomitorium
848 1104 954 1155 vocant
965 1095 1001 1155 ab
1016 1095 1133 1172 effectu,

129 1177 200 1237 lolia
217 1176 305 1238 babet
320 1180 414 1255 nigra,
430 1179 537 1238 ceteris
553 1179 696 1255 longiora.

174 1260 220 1320 10.
238 1261 322 1341 (42.)
345 1261 521 1321 Utilissimus
538 1261 688 1322 stomacho
704 1261 784 1320 cibus
803 1266 939 1340 asparagi
956 1262 1112 1324 traduntur.
1126 1269 1177 1323 108

130 1345 243 1406 cumino
261 1345 376 1422 quidem
391 1345 489 1405 addito
505 1344 669 1404 inflationes
682 1345 823 1404 stomachi
840 1345 957 1424 colique
970 1346 1133 1419 discutiunt,

130 1429 217 1488 iidem
239 1427 332 1487 oculis
354 1427 514 1487 claritatem
535 1427 684 1504 adierunt,
715 1437 845 1488 ventrem
866 1429 971 1489 leniter
993 1428 1133 1503 molliunt,

96 1512 262 1591 aspectoris
285 1520 315 1570 et
335 1511 435 1588 spinae
456 1510 607 1570 doloribus
629 1512 885 1589 intestinorumque
903 1514 980 1572 vitiis
1001 1521 1133 1590 prosunt,

130 1595 198 1653 vino
215 1611 277 1653 cum
300 1602 440 1654 cocuntur
456 1593 563 1654 addito.
598 1593 634 1654 ad
655 1594 817 1654 lumborum
839 1604 870 1656 et
888 1597 999 1655 renium
1015 1595 1134 1655 dolores

131 1694 231 1737 semen
247 1676 400 1737 obolorum
413 1679 495 1736 trium
510 1677 650 1756 pondere,
667 1679 729 1756 pari
743 1680 847 1738 cumini
858 1678 974 1739 bibitur.
997 1695 1135 1738 venerem

131 1760 286 1837 stimulant,
300 1763 408 1821 urinam
417 1763 494 1821 cient
506 1760 672 1837 utilissime,
691 1772 894 1840 praeterquam
911 1763 1012 1821 vesica
1033 1761 1177 1824 exul-109

132 1853 240 1922 cerata,
258 1844 495 1925 radiosquoque.
526 1845 720 1924 plurumorum
738 1847 956 1925 praedicatione
974 1846 1040 1905 trita
1059 1853 1087 1904 et
1108 1846 1135 1903 in

95 1931 198 1988 2⁰uino
220 1928 287 1989 albo
309 1937 378 2008 pota
405 1928 535 1989 calculos
551 1947 669 2009 quoque
692 1931 841 2005 exturbat,
863 1929 1023 1989 lumborum
1044 1938 1074 1989 et
1088 1947 1134 1988 re·

130 2015 207 2072 nium
228 2013 347 2073 dolores
367 2013 458 2073 sedat.
490 2012 603 2090 quidam
626 2024 655 2074 et
676 2015 712 2075 ad
732 2014 837 2074 volvae
859 2013 991 2073 dolorem
1007 2012 1135 2073 radicem

132 2114 195 2155 cum
206 2097 273 2155 vino
285 2096 362 2156 dulci
378 2098 541 2175 propinant.
566 2098 668 2158 eadem
682 2098 711 2155 in
727 2106 811 2156 aceto
827 2097 951 2157 decocta
964 2105 1063 2157 contra
1075 2095 1134 2156 ele·

132 2178 301 2257 phantiasim
319 2179 442 2256 prolicit.
476 2195 621 2257 asparago
636 2181 704 2238 trito
723 2197 760 2236 ex
777 2179 845 2237 oleo
862 2188 1032 2256 perunctum
1045 2181 1133 2257 pungi

133 2261 168 2320 ab
184 2260 286 2339 apibus
304 2269 420 2338 negant.

96 2361 123 2401 aa
195 2344 278 2424 (43.)
300 2345 471 2406 Silvestrem
489 2362 659 2424 asparagum
676 2343 762 2422 aliqui
779 2344 948 2421 corrudam,
965 2344 1053 2422 aliqui
1069 2343 1111 2402 Li·
1126 2355 1176 2405 110

132 2429 237 2504 bycum
253 2439 375 2506 vocant,
400 2429 488 2490 Attici
509 2431 657 2490 orminum.
687 2429 770 2488 huius
791 2427 827 2487 ad
843 2445 931 2506 supra
947 2427 1023 2487 dictu
1038 2429 1132 2486 omnia

134 2513 284 2573 efficacior
301 2516 356 2591 vis,
373 2523 401 2572 et
417 2512 574 2574 candidiori
588 2513 689 2573 maior.
720 2512 850 2571 morbum
861 2513 974 2588 regium
986 2519 1132 2571 extenuat.

133 2598 250 2655 veneris
265 2591 351 2655 causa
367 2613 469 2673 aquam
481 2612 579 2655 eorum
592 2594 743 2656 decoctam
754 2594 814 2654 bibi
827 2593 925 2655 iubent
937 2596 972 2656 ad
983 2594 1132 2655 heminam.

133 2679 210 2738 idem
228 2687 257 2738 et
274 2696 375 2738 semen
392 2678 470 2737 valet
492 2696 555 2738 cum
576 2688 661 2752 aneto
684 2680 773 2738 ternis
793 2679 943 2758 utriusque
960 2679 1065 2739 obolis.
1087 2679 1134 2739 da·

102 2777 128 2819 ao
140 2771 186 2820 tur
202 2770 231 2821 et
252 2761 288 2822 ad
308 2762 485 2839 serpentium
505 2763 579 2822 ictus
595 2780 682 2822 sucus
700 2763 851 2822 decoctus.
887 2763 970 2823 radix
997 2763 1135 2822 miscetur

134 2844 224 2905 radici
237 2844 371 2905 marathri
383 2846 457 2904 inter
470 2844 671 2906 efficacissima
689 2846 804 2906 auxilia.
824 2849 849 2905 si
863 2848 980 2925 sanguis
995 2863 1049 2924 per
1060 2847 1116 2904 uri·
1126 2859 1175 2908 111

133 2946 197 2989 nam
210 2927 358 3003 reddatur,
377 2946 475 2989 semen
488 2937 517 2989 at
528 2930 663 3008 asparagi
677 2939 705 2989 et
720 2931 767 3009 api
778 2938 807 2989 et
822 2932 925 2990 cumini
937 2930 1026 2990 ternis
1039 2928 1133 2988 obolis

134 3016 162 3073 in
184 3013 241 3072 vini
264 3012 375 3088 cyathis
393 3011 504 3072 duobus
525 3015 617 3091 quinis
639 3013 740 3073 diebus
758 3012 939 3092 Chrysippus
964 3012 1025 3071 dari
1043 3011 1132 3072 iubet.
1154 3024 1158 3033 ’

135 3099 178 3157 sic
196 3107 224 3157 et
246 3096 413 3174 hydropicis
428 3097 600 3157 contrarium
621 3114 704 3173 esse,
727 3099 855 3174 quamvis
877 3098 985 3156 urinam
1007 3105 1132 3170 moveat,

98 3197 124 3237 as
136 3181 233 3256 docet,
251 3183 320 3240 item
335 3180 446 3256 veneri,
462 3182 580 3240 vesicae
593 3196 708 3258 quoque
724 3181 777 3238 nisi
791 3180 954 3254 decoctum,
971 3197 1046 3258 quae
1060 3197 1133 3256 aqua

136 3266 160 3323 si
177 3264 295 3323 canibus
312 3264 405 3339 detur,
427 3264 521 3324 occidi
537 3280 600 3339 eos,
618 3265 645 3322 iu
661 3264 727 3321 vino
743 3261 884 3323 decoctae
900 3263 1005 3323 radicis
1022 3279 1132 3335 sucum,

135 3348 159 3404 si
177 3362 228 3406 ore
246 3348 434 3426 contineatur,
453 3347 584 3407 dentibus
601 3345 719 3406 mederi.

200 3430 247 3488 ll.
266 3430 349 3510 (44.)
373 3431 449 3510 Apio
465 3431 557 3508 gratia
573 3432 600 3489 in
613 3429 702 3507 volgo
720 3439 773 3489 est.
806 3447 928 3508 namque
944 3429 1014 3488 rami
1030 3427 1188 3486 lautianm
