2422 3840
347 205 429 253 uuu.
444 205 535 252 uisu.
553 204 745 256 xx1.9-11.
766 193 919 270 (ta-38.)
1075 194 1136 254 243

190 361 275 441 (33.)
299 359 337 420 Et
352 369 459 419 tautum
476 359 549 419 iolio
565 369 705 419 coronant
719 358 796 420 lovis
809 360 875 437 dos,
893 379 1065 438 amaracum,
1082 361 1131 421 he·
1145 372 1178 427 59

126 446 320 520 merocalles‚
349 443 558 520 habrotonum,
586 440 755 520 Helenium,
788 446 986 521 sisymbrium,
1021 447 1136 525 serpyl-

128 529 201 605 lum,
230 531 324 590 cmuia
351 527 504 588 surculosa
530 543 617 586 rosae
644 528 741 587 modo.
782 527 891 589 Golore
913 539 1020 590 tantum
1039 530 1138 608 placet

113 612 203 676 ,Iovis
220 613 292 689 llos,
317 613 390 673 odor
413 612 511 687 abest,
539 611 614 670 sicut
629 620 659 670 et
678 611 719 670 illi
736 613 783 690 qui
807 611 919 672 Graece
939 612 1030 692 phlox
1048 632 1137 674 voca·

103 706 182 757 stur.
212 700 342 758 eiramis
363 705 458 756 autem
474 705 502 755 et
522 694 594 755 lolio
612 694 733 755 odorata
753 705 818 754 sunt
843 706 969 774 excepto
993 699 1135 776 serpyllo.

125 780 276 842 Heleuium
294 801 310 842 e
331 779 457 840 lacrimis
480 779 611 840 Helenae
629 779 732 839 dicitur
753 789 864 855 natum,
893 789 923 838 et
947 780 1013 840 ideo
1030 782 1058 840 iu
1078 780 1136 841 He-

125 867 192 927 lene
216 866 309 926 insula
331 864 566 924 laudatissimum.
605 872 650 923 est
672 873 766 923 autem
785 864 882 923 frutex
901 863 978 923 humi
1000 883 1033 924 se
1055 883 1135 943 spar-

125 968 199 1027 gens
215 947 433 1009 dodrantalibus
451 948 585 1024 ramulis,
616 948 748 1026 serpyllo
766 948 850 1007 simili
865 947 947 1007 folio.

190 1035 273 1114 (34.)
300 1032 499 1093 Habrotonum
525 1032 617 1093 odora
642 1031 764 1091 iucunde
791 1033 874 1109 gravi
899 1032 984 1091 lloret
1010 1044 1133 1112 aestate,
1145 1045 1180 1100 60

90 1119 209 1179 waurei
225 1118 344 1179 coloris.
386 1135 508 1177 vacuum
534 1125 639 1194 sponte
666 1117 817 1193 provenit,
844 1118 992 1177 cacumine
1020 1135 1072 1177 suo
1103 1138 1135 1179 se

125 1211 279 1283 propagat.
311 1203 417 1262 seritur
435 1209 530 1260 autem
550 1201 659 1259 semine
677 1200 779 1260 melius
796 1218 880 1278 quam
894 1202 994 1261 radicc
1011 1212 1059 1263 aut
1074 1221 1135 1263 sur·

126 1287 209 1363 culo,
242 1289 354 1346 semine
370 1301 488 1364 quoquc
503 1300 560 1342 uou
577 1285 639 1343 siue
656 1286 776 1360 negotio
798 1284 938 1362 plantaria
960 1287 1135 1346 transierun-

124 1381 179 1430 tur.
207 1372 251 1428 sic
268 1378 297 1429 et
313 1369 473 1442 Adonium,
492 1375 642 1444 utrumque
661 1376 781 1427 aestate.
814 1368 922 1428 alsiosa
941 1371 1015 1428 euim
1038 1372 1135 1431 admo·

124 1454 190 1514 dum
206 1461 316 1512 suntet
332 1452 397 1511 sole
412 1459 508 1510 tamen
522 1452 608 1510 ulmio
626 1450 786 1510 laeduntur.
817 1452 869 1520 sed
885 1451 933 1511 ubi
948 1454 1134 1530 convaluere,

88 1546 208 1597 auratac
224 1538 290 1597 vice
305 1536 449 1595 fruticant.
483 1533 654 1595 Habrotonc
676 1535 769 1594 simile
791 1536 883 1595 odore
906 1536 1135 1598 leucanthemum

126 1630 180 1697 est,
199 1620 273 1681 dore
291 1620 376 1697 albo,
396 1619 542 1679 ioliosum.

190 1707 237 1767 11.
263 1704 348 1784 (35.)
373 1703 545 1762 Amaracum
569 1702 691 1762 Diocles
721 1704 850 1764 medicus
880 1712 909 1762 et
937 1704 1035 1764 Sicula
1059 1723 1131 1782 gens
1144 1717 1177 1771 61

124 1789 315 1868 appellavere
342 1787 419 1867 quod
442 1787 595 1865 Aegyptus
621 1797 650 1847 et
677 1787 761 1861 Syria
787 1789 998 1868 sampsuchum.
1031 1791 1138 1849 seritur

124 1882 250 1951 utroque
267 1891 389 1951 gcnere,
418 1881 446 1932 et
465 1873 575 1931 semiue
594 1881 623 1932 et
638 1889 734 1948 ramo,
757 1873 886 1933 vivacius
902 1891 988 1951 supra
1005 1873 1090 1933 dictis
1107 1883 1137 1933 et

88 1973 115 2014 rc
125 1957 216 2018 odore
232 1957 358 2018 mollius.
385 1957 536 2035 copiosum
550 1975 683 2017 amaraco
699 1974 793 2035 aeque
810 1974 894 2036 quam
909 1954 1073 2017 habrotono
1089 1977 1135 2017 sc·

122 2060 205 2120 men,
236 2042 289 2102 sed
304 2041 466 2101 habrotono
483 2041 567 2101 radix
587 2059 643 2100 uua
667 2049 695 2099 et
717 2040 776 2100 alte
795 2042 996 2118 descendens,
1028 2044 1136 2102 ceteris

123 2125 152 2182 in
167 2143 275 2184 summa
301 2134 379 2184 terra
404 2123 510 2182 leviter
529 2123 664 2183 haerens.
701 2124 880 2202 reliquorum
903 2128 976 2185 satio
1001 2135 1135 2185 autumno

123 2207 188 2266 iere
210 2209 369 2285 incipiente
385 2224 441 2265 nec
465 2222 523 2265 non
539 2215 568 2265 et
585 2223 657 2264 vere
673 2205 842 2283 quibusdam
856 2207 930 2267 locis
947 2225 1020 2286 quae
1037 2208 1136 2269 umbra

123 2292 252 2368 gaudent
268 2300 296 2350 et
314 2309 389 2370 aqua
407 2308 443 2350 ac
458 2289 535 2349 fimo.

85 2387 113 2428 cs
189 2376 274 2455 (36.)
298 2375 498 2452 Nyctegretcu
520 2374 594 2433 inter
609 2391 703 2452 pauca
726 2375 844 2433 miratus
870 2382 914 2434 est
934 2374 1129 2452 Democritus,
1144 2385 1178 2440 62

124 2459 234 2520 coloris
251 2460 381 2537 hysgini‚
416 2458 488 2518 iolio
517 2457 637 2535 spinae,
668 2475 723 2517 nec
745 2466 858 2518 aterna
884 2476 917 2516 se
943 2459 1134 2536 attollentem,

123 2545 311 2622 praecipuam
324 2546 352 2603 iu
370 2542 512 2603 Gedrosia
528 2550 632 2602 narrat.
669 2542 730 2600 erui
748 2551 816 2620 post
832 2543 1045 2620 aequinoctium
1069 2563 1135 2604 ver·

123 2646 189 2686 num
203 2627 340 2686 radicitus
355 2627 520 2703 siccarique
536 2625 571 2685 ad
589 2624 683 2685 lunam
696 2627 812 2702 triginta
829 2625 949 2702 diebus,
978 2629 1015 2687 ita
1033 2629 1135 2688 lucere

124 2710 268 2770 noctibus.
299 2709 400 2787 Magos
420 2709 651 2788 Parthorumque
672 2727 762 2786 reges
776 2710 832 2769 hac
846 2708 937 2770 herba
953 2712 993 2771 uti
1009 2713 1046 2773 ad
1066 2723 1135 2773 vota

85 2795 319 2872 acsuscipienda.
352 2795 473 2855 eandem
491 2796 592 2855 vocari
611 2793 840 2869 chencmycheu,
863 2797 997 2872 quoniam
1013 2814 1134 2856 anseres

124 2898 140 2939 a
165 2881 258 2958 primo
287 2888 447 2957 conspectu
474 2880 536 2939 eius
564 2886 778 2958 expavescant,
815 2878 850 2938 ab
876 2879 939 2938 aliis
964 2881 1133 2959 nyctalopa,

124 2965 258 3042 quoniam
274 2981 290 3022 e
306 2963 465 3042 longinquo
481 2963 616 3023 noctibus
630 2963 753 3040 fulgeat.

189 3040 273 3126 (37.)
297 3045 447 3107 hlelilotcs
466 3046 572 3126 ubique
594 3048 738 3123 nascitur,
768 3046 963 3108 laudatissima
985 3057 1081 3108 tamen
1103 3049 1176 3111 infit

123 3131 235 3208 Attica,
263 3130 436 3209 ubicumque
451 3148 524 3192 vero
539 3149 645 3191 recens
659 3149 715 3190 nec
731 3130 886 3190 candicans
899 3141 928 3192 et
944 3149 1032 3193 croco
1049 3151 1133 3212 quam

85 3241 114 3282 35
124 3215 282 3292 simillima,
311 3232 482 3294 quamquam
497 3214 624 3274 initalia
639 3215 789 3275 odoratior
806 3215 936 3275 candida.

189 3299 273 3379 (38.)
293 3298 411 3359 Florum
429 3298 519 3376 prima
532 3316 585 3358 ver
601 3299 789 3361 nuntiantium
807 3299 885 3359 viola
901 3299 976 3360 alba.
1005 3299 1176 3377 tepidioris

123 3380 204 3440 ribus
218 3401 290 3444 vero
307 3383 381 3444 locis
398 3385 484 3443 etiam
499 3382 594 3442 hieme
612 3382 725 3443 emicat.
755 3391 859 3462 postea
877 3401 952 3461 quae
967 3384 1015 3442 ion
1030 3381 1131 3461 appel·

124 3463 201 3524 latur
216 3474 245 3524 et
266 3484 428 3547 purpurea,
462 3484 602 3544 proxume
625 3466 808 3544 hammaum,
836 3467 1041 3605 quodppqox
1053 3477 1152 3518 uses-
