2422 3840
301 185 383 235 nur.
400 186 492 236 nrsn.
511 187 584 236 xxo
602 184 720 240 18—19.
738 175 892 254 (to-74.)
1036 173 1098 237 255

96 340 214 418 huntur,
230 373 271 384 -
285 339 325 399 ibi
341 340 417 399 enim
433 341 541 399 umoris
558 341 718 418 plurumum
732 375 792 418 -,
815 349 863 400 aut
881 358 945 400 cum
960 342 1099 402 detractis

96 423 238 501 unguibus
257 422 370 501 reliqua
396 441 463 501 pars
486 433 533 483 aut
558 423 625 483 oleo
644 433 692 484 aut
716 425 782 484 vino
807 433 968 486 maceratur
987 426 1016 484 in
1036 426 1100 486 sole

94 509 171 567 vasis
185 507 296 566 vitreis.
319 507 433 585 quidam
447 516 475 566 et
491 507 581 567 salem
597 508 771 583 admiscent,
787 508 915 569 nonnulli
931 519 960 569 et
975 509 1142 574 ancha-122

95 609 156 650 sam
170 599 217 650 aut
236 590 416 669 aspalathum
431 599 478 651 aut
493 592 607 650 iuncum
623 590 788 666 odoratum,
805 594 871 669 quia
886 594 952 653 talis
967 612 1100 655 maxume

73 675 218 753 eprodest
245 675 352 734 volvae
377 692 413 733 ao
438 674 631 750 dysintericis.
673 675 871 752 exprimuntur
900 677 1002 737 eadem
1029 678 1100 737 lolia

95 758 233 818 detractis
256 757 397 834 unguibus
418 759 484 817 trita
505 776 559 836 per
578 757 695 817 linteum
717 759 841 834 spissum
859 759 887 817 in
903 776 1019 818 aereum
1035 777 1098 834 vas,

96 841 212 919 lenique
226 842 285 918 igni
302 858 388 900 sucus
405 841 556 919 coquitur,
578 841 672 900 donee
687 840 736 899 liat
749 842 910 902 crassitudo
928 842 1031 902 mellis.
1063 845 1099 902 ad

95 924 169 984 haec
191 923 261 1001 eligi
284 933 402 1003 oportet
424 924 627 983 odoratissima
642 941 774 1002 quaeque
794 923 874 985 lolia.
908 927 956 988 19.
977 925 1081 986 Vinum
1093 937 1144 991 123

96 1007 241 1086 quomodo
257 1007 341 1068 lieret
357 1026 374 1067 e
390 1024 458 1067 rosa
475 1007 596 1068 diximus
611 1008 686 1067 inter
698 1025 807 1084 genera
824 1009 890 1067 vini.
910 1028 979 1068 usus
994 1012 1056 1069 suci
1069 1028 1096 1072 1⁴.
1108 1029 1142 1064 ιο·

61 1111 87 1153 ro
97 1091 132 1151 ad
155 1092 248 1167 auris,
274 1093 333 1151 oris
354 1090 470 1167 ulcera,
499 1093 649 1169 gingivas,
672 1091 803 1151 tonsillas
823 1095 1013 1170 garganicam,
1041 1101 1099 1152 sto·

96 1175 237 1251 maehum,
252 1176 366 1251 volvas,
380 1176 458 1236 sedis
470 1177 550 1251 vitia,
567 1176 670 1254 eapitis
685 1175 804 1235 dolores
816 1178 897 1235 —in
910 1176 985 1237 iebri
999 1194 1099 1255 perse

95 1260 143 1319 vel
157 1277 220 1319 cum
232 1269 317 1320 aceto
323 1293 375 1334 —,
385 1275 513 1334 somnos,
522 1261 646 1318 nausias.
660 1258 731 1318 lolia
743 1269 862 1318 uruntur
873 1261 902 1319 in
911 1260 1099 1341 calliblepha-

95 1361 173 1417 rum,
196 1352 225 1402 et
242 1344 329 1403 siccis
343 1342 449 1402 femina
464 1341 686 1420 adsperguntur.
712 1342 868 1420 epiphoras
887 1361 1003 1422 quoque
1020 1345 1100 1404 arida

97 1427 214 1485 leniunt.
258 1426 313 1486 ilos
340 1442 470 1486 somnum
497 1425 582 1499 lacit,
615 1423 723 1484 inhibet
752 1424 905 1485 fluctiones
938 1429 1098 1503 mulierum,

61 1533 87 1574 1s
96 1526 227 1568 maxume
249 1509 347 1585 albas,
376 1511 405 1568 in
425 1526 517 1588 posca
539 1518 626 1588 potus
648 1517 678 1568 et
697 1510 844 1585 sanguinis
869 1513 1099 1570 exscreationes.

97 1593 372 1687 stomachiqpoque
389 1593 509 1653 dolores
532 1601 666 1671 quantum
687 1590 724 1631 **
745 1594 773 1650 in
794 1593 850 1652 vini
868 1593 979 1667 cyathis
996 1594 1097 1654 tribus.

96 1679 203 1737 Semen
225 1677 435 1780 hipoptumum
458 1677 620 1750 crocinum,
643 1693 699 1735 nac
718 1677 851 1737 anniculo
873 1679 1029 1755 vetustius,
1050 1687 1079 1737 et
1093 1687 1143 1741 124

96 1760 238 1821 inumbra
256 1761 403 1826 siccatum.
435 1762 546 1838 nigrum
561 1760 671 1820 inutile.
705 1760 831 1820 dentium
851 1760 947 1821 dolori
962 1762 1100 1837 inlinitur,

97 1844 206 1904 urinam
221 1845 294 1920 ciet,
320 1845 469 1905 stomacho
483 1844 645 1920 inponitur,
663 1843 731 1903 item
748 1844 806 1920 igni
823 1861 908 1904 sacro
923 1862 981 1904 non
995 1847 1098 1905 veteri.

60 1928 213 1992 aenaribus
236 1928 407 1988 subductum
427 1937 513 2007 caput
533 1936 648 2007 purgat.
694 1929 790 2006 capita
816 1937 887 2007 pota
912 1939 1044 1989 ventrem
1071 1938 1101 1989 et

97 2014 262 2089 sanguinem
277 2013 389 2072 sistunt.
419 2030 531 2089 ungues
547 2029 635 2071 rosae
655 2011 805 2090 epiphoris
827 2012 968 2073 salubres.
1000 2014 1100 2073 ulcera

97 2096 172 2154 enim
197 2095 347 2154 oculorum
373 2110 442 2156 rosa
473 2094 664 2169 sordescunt,
697 2105 900 2173 praeterquam
926 2097 1011 2156 initiis
1039 2098 1099 2175 epi-

97 2177 223 2258 phorae,
238 2178 278 2236 ita
289 2186 319 2235 ut
335 2176 414 2236 arida
429 2195 493 2236 cum
508 2194 582 2254 pane
598 2178 760 2255 inponatur.
789 2178 860 2237 folia
876 2179 990 2255 quidem
1004 2182 1079 2240 intus
1093 2189 1142 2243 125

98 2259 236 2321 stomachi
253 2259 420 2322 rosionibus
435 2269 465 2319 et
481 2260 556 2318 vitiis
571 2260 680 2319 ventris
699 2269 748 2319 aut
769 2262 967 2320 intestinorum
983 2262 1100 2322 utilissi-

61 2363 141 2405 rama
158 2352 186 2403 et
202 2341 394 2422 praecordiis,
409 2343 458 2404 vel
476 2343 564 2403 inlita.
584 2343 649 2403 cibo
669 2360 785 2421 quoque
802 2343 910 2422 lapathi
927 2345 1013 2405 modo
1032 2363 1100 2405 con-

98 2429 219 2489 diuntur.
252 2427 398 2488 cavandus
424 2429 453 2488 in
475 2428 519 2488 his
542 2429 612 2487 situs
635 2427 773 2487 celeriter
790 2428 927 2487 insidens.
960 2438 990 2488 et
1013 2429 1100 2489 aridis

98 2521 127 2571 et
148 2513 297 2590 expressis
318 2513 422 2591 aliquis
441 2530 519 2572 usus.
551 2512 727 2589 diapasmata
748 2512 815 2572 inde
837 2511 906 2571 liunt
927 2512 962 2572 ad
978 2512 1102 2573 sudores

99 2595 298 2672 coercendos,
316 2598 354 2657 ita
369 2604 400 2655 ut
415 2595 565 2656 abalineis
581 2595 745 2655 inarescant
761 2598 897 2674 corpori,
915 2597 980 2656 dein
995 2596 1099 2675 frigida

98 2678 259 2738 abluantur.
310 2679 452 2739 silvestris
482 2678 591 2755 pilulae
619 2696 683 2737 cum
709 2678 794 2757 adipe
822 2681 919 2738 ursino
951 2681 1101 2760 alopecias

61 2781 87 2824 ³0
98 2763 260 2823 emendant.

159 2846 243 2925 (74.)
270 2844 324 2904 Lili
345 2844 459 2905 radices
480 2845 575 2905 multis
596 2845 689 2905 modis
702 2844 804 2906 llorem
820 2865 901 2907 suum
918 2847 1079 2922 nobilitant,
1094 2858 1145 2912 126

98 2938 198 2990 contra
223 2931 401 3007 serpentium
424 2930 498 2989 ictus
519 2947 557 2989 err
577 2931 644 2990 vino
667 2938 755 3008 potae
775 2939 805 2990 et
827 2939 928 2992 contra
949 2931 1102 3007 longorum

97 3029 218 3073 venena.
248 3021 370 3091 propter
386 3012 487 3073 clavos
503 3013 607 3090 pedum
626 3015 655 3072 in
670 3015 737 3071 vino
753 3014 933 3075 decocuntur
946 3015 1101 3093 triduoque

97 3112 155 3157 non
175 3095 335 3155 solventur.
381 3114 444 3157 oum
459 3095 544 3174 adipe
565 3105 613 3155 aut
632 3097 701 3155 oleo
724 3097 865 3159 decoctae
884 3097 961 3175 pilos
984 3116 1102 3176 quoque

61 3200 87 3243 aa
97 3181 207 3241 adustis
218 3180 349 3240 reddunt.
383 3178 508 3239 emulso
524 3188 612 3258 potae
627 3179 754 3240 inutilem
771 3183 938 3259 sanguinem
956 3200 1020 3241 cnm
1036 3182 1101 3241 alvo

98 3263 225 3341 trahunt,
249 3263 376 3342 lienique
400 3271 429 3323 et
449 3264 541 3341 ruptis
562 3263 654 3322 volsis
674 3274 796 3343 prosunt
811 3275 839 3325 et
859 3264 1006 3324 mensibus
1021 3265 1100 3324 lemi-

98 3363 211 3424 narum,
234 3349 263 3408 in
280 3349 346 3408 vino
362 3363 433 3407 vero
448 3346 590 3407 decoctae
606 3348 807 3427 inpositaeque
826 3367 889 3409 cum
902 3349 989 3407 melle
1006 3349 1102 3406 nervis

99 3431 249 3508 praecisis.
284 3433 433 3493 medentur
449 3439 549 3490 contra
570 3431 700 3491 lichenas
723 3440 751 3492 et
767 3432 884 3510 lepras,
906 3440 935 3491 et
959 3431 1148 3490 iurluresutn
