2422 3840
297 197 376 244 nau.
396 196 486 245 rursu.
505 198 590 245 xvrr.
607 195 726 247 ao-at.
745 186 899 263 (tt-35.)
1056 185 1095 246 73

101 361 188 435 atque
204 351 242 410 ita
254 368 308 429 per
322 350 405 410 vicis.
430 350 487 411 lroc
501 361 623 412 vocatur
639 352 667 411 in
678 353 736 412 vite
754 369 877 428 gemma,
891 370 955 411 cum
973 351 1013 410 ibi
1029 368 1096 411 cae·

101 437 204 513 spitem
223 434 301 494 facit.
332 443 397 494 ante
421 451 491 494 vero
514 453 598 514 quam
619 435 721 511 iaciat,
745 434 773 492 in
791 451 921 496 concavo
940 434 1043 494 oculus
1066 444 1095 494 et

99 521 128 577 in
141 519 286 578 cacumine
302 517 366 596 ipso
383 536 512 595 germen.
539 518 582 578 sic
595 518 737 597 palmites,
751 528 890 595 nepotes,
905 536 995 594 avae,
1013 518 1094 594 lolia,
1174 555 1176 558 >

101 603 224 679 pampini
239 602 401 679 gignuntur,
419 603 577 683 mirumque
593 601 717 661 firmiora
735 619 802 660 esse
816 603 844 660 in
867 601 987 661 dextera
1011 611 1095 680 parte

74 685 205 762 egenita.
244 686 284 765 [1]
303 685 364 744 llos
380 701 452 762 ergo
470 686 498 743 in
515 684 638 744 surculis
653 685 758 757 nodos,
775 702 837 742 cum
855 693 1139 759 seruntur,me·154

99 770 162 830 dios
180 785 293 828 secare
306 777 423 846 oportet
444 770 482 827 ita
499 786 535 828 ue
550 767 674 846 proiluat
689 765 824 826 medulla.
856 775 885 825 et
905 767 933 825 in
957 767 1012 826 lico
1034 770 1094 845 qui·

25 920 32 929 ⁸
98 853 163 913 (lem
175 851 361 911 dodrantales
375 851 476 930 paxilli
488 852 553 911 solo
565 851 712 929 patefacto
727 857 862 909 seruntur
874 850 916 908 sic
928 857 959 908 ut
974 850 1095 910 descen·

98 936 166 996 daut
188 951 261 1012 quae
283 951 422 1012 proxuma
444 935 541 995 arbori
565 935 687 1010 fuerint,
710 934 765 993 duo
788 933 866 992 oculi
885 942 966 992 extra
990 942 1096 993 terram

100 1019 250 1078 emineant.
280 1018 356 1078 oculi
368 1028 462 1079 autem
473 1020 502 1078 in
514 1019 648 1079 arborum
666 1018 789 1078 surculis
807 1017 925 1096 proprie
943 1026 1094 1093 vocantur,

63 1101 173 1162 rounde
191 1103 359 1178 germinant.
382 1101 443 1162 llac
458 1103 494 1163 de
511 1121 598 1163 causa
614 1102 681 1162 etin
698 1100 846 1180 plantariis
860 1100 1013 1178 aliquando
1026 1119 1076 1160 eo·
1087 1113 1138 1165 155

99 1186 163 1246 dem
183 1185 257 1245 auno
278 1185 372 1245 ierunt
393 1204 466 1265 quos
485 1187 568 1247 luere
590 1187 673 1246 laturi
698 1185 807 1244 fructus
832 1185 860 1244 in
884 1185 1007 1261 arbore,
1031 1203 1095 1244 cum

98 1270 269 1347 tempestive
281 1271 336 1329 sati
348 1278 523 1348 praegnates
536 1269 687 1329 inchoatos
700 1277 859 1347 conceptus
872 1268 960 1328 aliubi
970 1271 1093 1347 pariunt.

97 1354 135 1414 ita
152 1362 229 1412 satas
251 1353 324 1412 ficos
346 1354 433 1413 tertio
455 1370 528 1413 auno
550 1353 710 1412 transferre
730 1352 827 1412 facile.
860 1351 917 1411 hoc
932 1369 986 1430 pro
1009 1370 1093 1412 sene-

98 1435 199 1495 scendi
209 1436 361 1495 celeritate
369 1432 532 1496 attributum
542 1435 608 1496 buic
620 1436 728 1512 arbori,
738 1445 768 1495 ut
781 1436 917 1494 citissime
930 1438 1093 1513 proveniat.

63 1541 88 1582 ιι
100 1520 140 1597 [3]
158 1518 264 1577 Vitium
277 1520 459 1578 numerosior
470 1527 548 1578 satus
557 1526 611 1577 cst.
629 1521 748 1597 primum
759 1519 881 1577 omnium
890 1519 959 1578 nihil
968 1521 1074 1579 seritur
1087 1528 1137 1582 156

100 1619 137 1660 ex
152 1599 197 1659 his
216 1603 270 1660 nisi
283 1601 382 1660 inutile
394 1610 422 1661 et
435 1601 601 1680 deputatum
613 1604 641 1661 in
653 1611 806 1662 sarmenta.
834 1610 989 1680 opputatur
1001 1612 1094 1663 autem

99 1683 235 1762 quidquid
248 1701 389 1762 proxumo
401 1685 465 1745 tulit
476 1686 608 1746 fructum.
635 1685 751 1745 solebat
764 1685 935 1764 capitulatus
952 1687 1094 1765 utrimque
1199 1751 1200 1755 ,

99 1767 202 1826 eduro
224 1768 357 1828 surculus
385 1770 459 1846 seri,
487 1786 583 1847 coque
608 1777 776 1847 argumento
798 1769 952 1828 malleolus
974 1778 1096 1828 vocatur

98 1852 267 1912 etiamnunc.
299 1861 402 1931 postea
422 1852 509 1913 avelli
527 1871 590 1913 cum
610 1872 662 1913 sua
686 1853 769 1912 calce
790 1861 914 1930 coeptus
931 1861 992 1928 cst,
1016 1860 1047 1911 ut
1066 1853 1094 1910 in

61 1935 165 2010 bolico,
180 1952 275 2014 neque
291 1944 335 1994 cst
349 1936 424 1996 aliud
439 1938 578 1996 vivacius.
608 1939 721 1996 tertium
733 1954 825 2013 genus
838 1936 980 1997 adiectum
997 1938 1093 1996 etiam·

97 2035 162 2077 num
175 2019 337 2096 expeditius
349 2021 411 2078 sine
424 2020 517 2095 calce,
532 2021 609 2099 quod
622 2021 745 2097 sagittae
756 2029 906 2096 vocantur,
922 2039 985 2080 cum
997 2022 1095 2080 intorti

97 2110 267 2180 panguntur.
295 2100 381 2160 iidem
400 2120 463 2160 cum
482 2105 569 2162 recisi
582 2121 638 2162 nec
657 2103 765 2177 intorti,
785 2105 960 2180 trigemmes.
994 2104 1093 2181 plures

96 2193 191 2244 autem
208 2202 245 2243 ex
261 2182 364 2243 eodem
384 2184 500 2244 surculo
523 2185 581 2244 hoc
596 2185 681 2245 modo
698 2187 776 2245 liunt.
807 2187 915 2245 Serere
931 2205 947 2244 e
964 2187 1135 2264 pamm-157

96 2268 183 2326 uariis
198 2266 298 2326 sterile
315 2274 370 2341 cst,
385 2285 441 2326 nec
456 2267 510 2326 nisi
526 2267 651 2329 secundo
666 2277 791 2346 oportet.
819 2286 893 2346 quae
907 2286 991 2327 raros
1006 2268 1094 2328 habet

60 2373 86 2412 es
96 2350 189 2410 nodos
202 2349 356 2411 infecunda
369 2350 526 2426 iudicatur,
544 2351 670 2411 densitas
689 2367 863 2428 gemmarum
881 2350 1036 2411 fertilitatis
1053 2353 1093 2409 in-

96 2434 200 2493 dicium
216 2442 270 2493 est.
297 2433 411 2512 quidam
426 2436 485 2494 seri
500 2444 597 2495 vetant
619 2436 673 2494 nisi
689 2451 741 2493 eos
758 2433 806 2510 qui
822 2432 973 2493 floruerint
995 2452 1093 2493 surca-

95 2517 150 2577 los.
189 2517 309 2593 sagittas
329 2536 431 2578 serere
455 2520 547 2578 minus
562 2519 647 2592 utile,
685 2519 817 2595 quoniam
839 2517 867 2575 in
890 2516 1093 2576 transferendo

95 2599 183 2659 facilc
209 2601 350 2677 rumpitur
373 2603 450 2679 quod
483 2604 615 2662 intortum
640 2600 701 2659 fuit.
746 2601 886 2660 Seruntur
912 2600 1008 2679 pedali
1036 2618 1094 2660 nou

95 2682 248 2741 breviores
266 2682 462 2761 longitudine,
488 2687 612 2764 quinque
638 2701 729 2744 sexve
751 2684 900 2744 nodorum.
937 2686 1092 2764 pauciores

59 2781 85 2822 ao
96 2765 187 2825 tribus
204 2767 324 2841 gemmis
342 2768 371 2825 in
382 2768 437 2828 hac
452 2781 586 2828 mensura
599 2785 734 2827 essenon
746 2776 892 2846 poterunt.
914 2768 1007 2828 luseri
1021 2786 1070 2828 eo·
1084 2779 1135 2832 158

95 2849 161 2908 dem
173 2848 220 2908 die
233 2866 290 2925 quo
303 2848 475 2928 deputentur
492 2853 680 2911 utilissimum.
710 2851 735 2910 si
748 2851 837 2911 multo
850 2861 955 2930 postea
966 2870 1092 2911 necesse

94 2934 131 2992 sit
142 2938 245 2992 serere
257 2934 435 3010 custoditos,
449 2943 479 2994 ut
492 2935 709 3014 praecepimus,
730 2936 827 2996 caveri
839 2938 937 3014 utique
954 2953 990 2994 ne
1006 2944 1088 2994 extra
1102 2949 1134 2985 ¹¹⁴

94 3025 200 3076 terram
220 3015 307 3093 positi
328 3016 392 3076 sole
412 3019 589 3096 inarescant,
614 3027 700 3078 vento
716 3027 763 3078 aut
780 3018 891 3095 lrigore
906 3018 1089 3078 hebetentur.

95 3100 142 3178 qui
160 3099 264 3158 diutius
280 3100 309 3158 in
326 3101 406 3160 sicco
429 3101 534 3161 fuerint
556 3103 720 3181 priusquam
740 3103 911 3163 seranturin
933 3120 1008 3181 aqua
1027 3103 1090 3181 plu·

58 3200 84 3242 as
95 3182 173 3241 ribus
185 3182 289 3242 diebus
299 3186 488 3244 revirescant.
515 3186 555 3265 [t]
569 3186 668 3246 Solum
680 3188 808 3262 apricum
822 3195 850 3245 et
863 3203 947 3264 quam
959 3188 1122 3265 amplis-10·

93 3359 193 3410 ternos
209 3350 301 3429 pedes
314 3351 422 3430 bipalio
442 3353 512 3427 alto,
531 3370 622 3412 marra
643 3353 715 3412 reici
732 3361 898 3430 quaternum
915 3354 1021 3430 pedum
1032 3353 1090 3412 ier-

93 3443 200 3510 mento,
220 3435 258 3493 ita
277 3443 307 3495 ut
324 3437 353 3495 in
370 3438 464 3514 pedes
481 3436 564 3496 binos
581 3435 660 3504 fossa
678 3436 831 3513 procedat,
847 3436 963 3494 lassum
973 3436 1105 3509 narem
