2422 3840
116 164 178 225 250
464 176 494 224 c.
509 178 606 224 cumr
624 175 776 225 succum

74 341 109 396 94
184 331 232 394 16.
257 330 340 410 (56.)
366 328 496 391 Gardnus
516 339 544 389 et
561 329 632 390 lolia
658 340 687 391 et
709 329 809 390 caules
826 329 966 408 spinosae
983 330 1134 409 lanuginis

115 415 219 490 babet,
244 415 312 473 item
335 431 459 489 acorna,
486 413 712 490 leucacantbos,
736 410 892 488 chalceus,
917 431 1050 492 cnecos,
1081 434 1133 495 po·

117 497 301 575 lyacantbos,
331 515 500 577 onopyxos,
527 497 664 574 helxine,
692 497 853 572 scolymos.
890 496 1090 559 chamaeleon
1105 502 1133 560 in

116 583 195 641 loliis
217 600 274 642 non
295 581 383 642 babet
406 581 538 642 aculeos.
572 579 625 640 Est
647 589 676 641 et
692 581 741 669 illa
757 581 920 641 dilierentia
939 581 1021 659 quod
1043 601 1133 663 quas-

117 666 181 726 dam
198 666 226 724 in
242 667 278 725 iis
294 665 470 727 multicaulia
489 682 662 743 ramosaque
681 674 762 741 sunt,
791 673 822 724 ut
838 663 976 741 carduus,
1005 682 1067 727 uno
1085 682 1152 728 ant

115 759 174 810 tem
190 751 273 810 caule
296 768 351 810 nec
372 766 516 810 ramosum
538 766 656 809 cneoos.
689 749 830 827 quaedam
850 749 1003 809 cacumine
1022 759 1133 812 tantum

72 845 106 900 95
118 837 235 914 spinosa
257 845 337 909 sunt,
364 843 394 894 ut
417 852 537 910 erynge.
579 833 720 911 quaedam
745 841 856 893 aestate
880 833 1007 911 florent,
1039 844 1071 896 ut
1090 844 1132 897 te·

114 919 201 980 tralix
217 928 247 978 et
262 919 390 979 helxine.
409 917 558 992 scolymos
570 935 687 996 quoque
704 934 772 977 sero
789 917 875 978 floret
890 925 920 976 et
934 915 993 977 diu.
1021 934 1133 980 acorna

115 1005 217 1065 colore
235 1012 342 1063 tantum
356 1001 421 1062 ruio
438 1002 621 1077 distinguitur
637 1010 667 1061 et
681 1002 836 1080 pinguiore
853 1018 934 1060 suco.
965 1001 1048 1062 idem
1069 1011 1133 1064 erat

114 1086 262 1160 atractylis
289 1103 422 1163 quoque,
446 1085 500 1144 nisi
527 1084 675 1145 candidior
701 1094 782 1145 esset
805 1094 835 1145 et
860 1085 914 1144 nisi
936 1088 1158 1163 sanguineumn

115 1187 215 1230 sucum
230 1169 381 1243 funderet,
410 1186 466 1246 qua
482 1168 519 1228 de
534 1184 623 1228 causa
639 1168 754 1248 pbonos
768 1177 891 1229 vocatur
908 1186 924 1228 a
942 1169 1131 1248 quibusdam,

114 1253 206 1313 odore
223 1254 308 1312 etiarn
324 1253 440 1329 gravis,
462 1269 535 1312 sero
553 1262 767 1314 maturescente
789 1255 900 1313 semine
919 1270 976 1313 nec
994 1265 1067 1316 ante
1084 1273 1130 1317 au·

113 1348 253 1412 tumnum‚
284 1354 455 1416 quamquam
471 1337 501 1398 id
516 1337 553 1397 de
569 1338 700 1398 omnibus
716 1338 845 1417 spinosis
860 1337 917 1397 dici
932 1345 1048 1416 potest.
1082 1358 1130 1400 ve·

71 1430 105 1485 96
116 1440 177 1481 rum
199 1423 294 1481 omnia
315 1422 389 1482 baec
411 1430 440 1480 et
461 1422 572 1481 semine
597 1431 626 1481 et
647 1421 747 1482 radice
769 1422 850 1481 nasci
878 1431 1015 1499 possunt.
1057 1424 1131 1485 Sco·

114 1506 207 1582 lymus
231 1506 402 1566 carduorum
423 1507 541 1582 generis
565 1505 600 1565 ab
627 1506 662 1564 iis
680 1505 766 1565 distat
782 1505 860 1584 quod
880 1505 963 1565 radix
988 1509 1056 1568 eius
1081 1524 1159 1570 ven

113 1591 224 1650 scendo
249 1599 294 1649 est
308 1590 441 1650 decocta.
468 1589 569 1648 mirum
583 1589 661 1668 quod
682 1590 745 1648 sine
762 1589 917 1649 intervallo
932 1598 996 1650 tota
1015 1601 1132 1655 aestate

113 1673 190 1734 aliud
220 1673 307 1734 iloret
332 1674 361 1731 in
388 1689 423 1732 eo
449 1691 577 1751 genere,
610 1671 686 1733 aliud
713 1673 859 1752 concipit,
894 1673 972 1733 aliud
995 1678 1131 1753 parturit.

113 1758 207 1818 aculei
222 1766 377 1817 arescente
393 1755 473 1816 folio·
487 1756 620 1816 desinunt
641 1774 783 1836 pungere.
820 1755 945 1818 Helxinc
968 1776 1041 1821 rara
1066 1763 1131 1821 visu

114 1851 159 1901 est
172 1860 269 1919 neque
283 1843 311 1900 in
327 1840 458 1899 omnibus
474 1841 576 1917 terris,
604 1860 619 1900 a
634 1842 734 1901 radice
749 1840 872 1921 foliosa,
902 1858 941 1901 ex
956 1859 1018 1920 qua
1033 1846 1131 1906 media

111 1926 201 1984 veluti
220 1924 325 1983 malum
348 1923 501 1982 extuberat
517 1933 680 1984 contectum
702 1943 752 1985 sua
772 1925 886 1985 lrondc.
917 1925 1004 1985 buius
1020 1939 1160 1990 verterat

113 2026 239 2068 summus
260 2006 407 2066 lacrimam
438 2007 564 2066 continet
585 2008 700 2070 incundi
728 2009 844 2088 saporis
869 2009 1047 2072 acanthicen
1069 2031 1130 2073 rna·

112 2090 224 2151 stichen
243 2090 427 2169 appellatam.

70 2182 105 2238 97
177 2176 261 2255 (57.)
282 2174 320 2235 Et
335 2184 435 2235 cactos
453 2192 570 2254 quoque
587 2178 615 2236 in
631 2177 730 2237 Sicilia
752 2185 859 2236 tautum
883 2177 1036 2255 nascitur,
1057 2198 1131 2242 snae

113 2260 301 2341 proprietatis
317 2268 347 2319 et
362 2260 437 2340 ipse.
467 2260 496 2319 in
511 2269 589 2321 terra
607 2269 727 2340 serpunt
744 2260 842 2321 caules
858 2279 874 2321 a
891 2258 993 2320 radice
1013 2266 1128 2340 emissi,

111 2345 171 2405 lato
197 2345 269 2406 lolio
297 2353 326 2404 et
350 2345 482 2422 spinoso.
520 2345 610 2405 caulis
630 2354 738 2405 vocant
759 2353 877 2419 coctos,
900 2362 957 2404 nec
972 2344 1160 2408 fastidiuntu

111 2429 139 2487 in
152 2428 225 2489 cibis
237 2431 415 2488 inveteratos
427 2444 554 2506 quoque.
570 2447 654 2488 unurn
670 2437 764 2488 autern
777 2429 888 2489 caulem
903 2436 1021 2490 rectum
1037 2431 1131 2493 babet

112 2530 197 2590 quern
223 2521 329 2572 vocant
350 2512 497 2591 ptemica,
532 2514 661 2573 eiusdem
686 2513 851 2588 suavitatis,
885 2510 938 2572 sed
965 2518 1128 2577 vetustatis

110 2596 305 2673 inpatientem.
340 2613 440 2655 semen
457 2596 483 2655 ei
499 2595 641 2674 lanuginis
659 2614 744 2675 quam
766 2613 892 2675 pappum
907 2607 1034 2675 vocant,
1067 2617 1127 2680 quo

111 2678 242 2738 detracto
259 2688 288 2738 et
304 2680 414 2739 cortice
429 2681 567 2740 teneritas
589 2680 689 2740 similis
706 2680 832 2740 cerebro
848 2680 961 2760 palmae
978 2690 1039 2741 est.
1073 2701 1126 2744 vo·

113 2771 178 2822 cant
194 2762 331 2822 ascalian.
1134 2781 1156 2824 rt

69 2853 104 2909 98
174 2845 259 2924 (58.)
285 2844 420 2904 Tribulus
436 2864 493 2906 non
511 2847 565 2904 nisi
579 2847 608 2905 in
624 2846 801 2925 palustribus
817 2849 954 2908 nascitur.
983 2849 1050 2910 dira
1075 2869 1126 2911 res

110 2930 179 2991 alibi
195 2931 274 2991 iuxta
289 2929 385 2988 Nilum
401 2937 436 2988 et·
451 2931 633 3005 Strymonem
648 2931 738 2990 amnis
754 2932 898 3010 excipitur
912 2931 941 2991 in
958 2930 1054 3009 cibis,
1084 2935 1126 2994 in·

111 3014 232 3073 clinatus
247 3015 276 3072 in
292 3012 410 3089 vadum,
437 3013 511 3074 lolio
534 3013 570 3073 ad
593 3013 720 3092 elligiem
742 3015 828 3092 ulmi,
856 3015 995 3095 pediculo
1019 3017 1126 3096 longo.

109 3106 196 3175 atque
217 3097 246 3155 in
262 3096 375 3175 reliquo
394 3096 466 3157 urbe
488 3116 598 3175 genera
614 3098 680 3158 duo.
711 3100 759 3157 uni
776 3099 941 3160 cicerculae
957 3099 1050 3177 folia,
1082 3102 1125 3162 al·

108 3181 163 3240 teri
181 3179 323 3241 aculeata.
360 3179 408 3241 bic
433 3191 463 3241 et
486 3183 581 3243 serius
605 3182 692 3243 iloret
707 3184 859 3261 magisque
882 3191 986 3262 saepta
1004 3184 1156 3246 obsidettt

107 3265 249 3326 villarum.
296 3283 395 3326 semen
423 3267 450 3326 ei
474 3266 640 3342 rotundius,
669 3267 797 3344 nigrum,
832 3269 860 3325 in
884 3266 1008 3346 siliqua,
1037 3270 1127 3330 alteri

107 3349 310 3410 barenaccum.
344 3349 534 3428 spinosorum
555 3352 707 3411 etiamnum
729 3350 806 3410 aliud
829 3368 920 3426 genus
944 3353 1062 3414 anonis.
1098 3356 1127 3415 in

93 3435 188 3495 ramis
213 3435 290 3495 enirn
318 3434 418 3516 spinas
444 3435 550 3512 babet,
578 3435 713 3514 adposito
735 3434 808 3493 lolio
821 3442 903 3493 rutae
924 3436 1031 3515 simili,
1059 3448 1127 3499 toto
