2422 3840
124 173 144 233 6
455 163 484 211 C.
503 161 598 208 PLINI
613 158 763 207 SECUNDI

126 355 209 417 pore.
253 339 375 401 namque
397 318 453 377 alia
476 316 581 391 fageae
606 312 704 390 glandi
730 312 838 390 ligura,
865 328 993 389 quernae
1018 311 1075 371 alia
1102 320 1132 371 et

126 424 249 497 ilignae,
270 420 356 485 atque
373 403 447 460 iuter
463 417 496 458 se
513 414 630 475 quoque
642 414 782 473 generum
798 395 976 472 singulorum
991 394 1129 455 differen-

127 508 193 565 tiae.
219 491 447 573 praetereasunt
460 482 574 559 aliquae
583 480 745 554 silvestres,
754 479 829 538 aliae
843 478 1031 557 placidiores.
1052 496 1129 556 quae

129 586 205 647 culto
227 577 358 655 optinent
383 569 438 627 iarn
459 567 487 623 iu
509 565 667 624 montuosis
691 564 844 642 planisque
860 562 983 638 distant,
1010 562 1086 622 sicut
1102 570 1132 622 et
1205 600 1207 619 2

127 684 199 729 sexu
214 675 311 722 tutores
325 650 505 723 colomnae,
518 649 586 707 item
599 664 715 725 sapore.
741 646 905 707 dulcissima
921 647 1044 707 omnium
1056 645 1151 723 fagis

128 762 157 813 ut
174 766 229 825 qua
242 743 384 802 obsessos
401 734 486 792 etiam
500 731 630 791 homines
646 730 766 790 durasse
782 732 811 789 in
825 729 936 808 oppido
951 727 1024 789 chio
1039 729 1133 790 tradat

89 848 117 903 ιτ
135 828 288 893 llitroclius
317 816 493 881 Alexander.
537 813 651 875 Genera
682 814 861 892 distinguere
887 831 944 874 non
971 813 1056 873 datur
1081 829 1132 873 no·

129 916 266 983 rdinibus,
290 921 364 984 quae
385 908 449 959 sunt
466 899 521 960 alia
542 899 627 974 aiibi,
655 898 763 977 quippe
787 916 850 956 cum
870 896 958 958 robur
980 914 1132 975 quercum·

130 1020 185 1081 quo
207 994 296 1067 volgo
319 985 399 1046 nasci
416 984 580 1059 videamus,
604 980 751 1043 aesculum
771 999 829 1041 non
850 981 974 1060 ubique,
999 990 1133 1059 quartam

131 1098 200 1143 varro
220 1073 336 1153 generis
353 1067 481 1128 eiusdem
497 1084 571 1143 quae
587 1084 686 1126 cerrus
702 1074 824 1126 vocatur
843 1082 880 1123 ne
895 1064 996 1125 Italiae
1017 1064 1165 1141 quidemn

130 1165 239 1223 tttttiore
256 1175 293 1217 en
310 1162 393 1232 parte
410 1160 505 1209 notam
522 1167 598 1210 esse.
641 1148 839 1226 distinguimus
860 1165 931 1224 ergo
951 1148 1133 1226 proprietate

130 1256 288 1319 naturaque
306 1246 345 1312 et,
362 1236 410 1295 ubi
424 1254 472 1294 res
489 1234 578 1310 cogit,
596 1235 680 1292 etiam
698 1233 818 1293 Graecis
833 1231 1005 1293 nominibus.

92 1346 122 1397 pt
197 1328 225 1385 li.
251 1324 312 1400 (7.)
357 1319 429 1395 Fagi
447 1319 529 1395 glans
551 1317 664 1377 nucleis
683 1316 782 1376 similis
799 1316 942 1393 triangula
960 1323 1027 1374 cute
1042 1314 1134 1375 inclu-

131 1414 214 1473 ditur.
251 1404 352 1465 folium
369 1412 455 1463 tenue
471 1410 558 1479 atque
573 1419 590 1460 e
605 1400 771 1476 levissimis,
788 1401 897 1478 populo
916 1399 1021 1474 simile,
1038 1397 1133 1458 celer·

132 1498 202 1557 rime
219 1490 383 1550 flavescens
398 1496 427 1545 et
449 1484 542 1545 media
564 1494 646 1563 parte
670 1484 841 1562 plerumque
861 1485 985 1561 gignens
1005 1494 1165 1560 supernata

131 1575 280 1657 pomulam
295 1571 396 1630 bacam
411 1569 531 1628 viridem
555 1569 703 1629 cacumine
718 1568 889 1628 aculeatam.
934 1567 1032 1642 fagum
1048 1566 1133 1625 muri·

131 1662 184 1721 bus
205 1656 397 1734 gratissimum
420 1662 480 1727 est,
505 1662 534 1712 et
560 1654 627 1712 ideo
649 1652 777 1711 animalis
799 1653 860 1710 eius
881 1669 936 1710 nna
959 1658 1132 1727 proventus,

131 1743 213 1821 gliris
236 1755 352 1816 quoque
369 1738 494 1812 saginat,
518 1737 636 1813 expedit
653 1745 682 1795 et
696 1736 797 1795 turdis.
833 1734 979 1795 Arborum
997 1732 1133 1793 fertilitas

132 1826 255 1885 omniurn
270 1821 334 1879 fere
354 1820 487 1895 alternat,
504 1820 558 1879 sed
570 1837 702 1879 maxume
720 1820 790 1896 lagi.

46 1953 47 1958 ,
94 1920 123 1975 pq
198 1904 259 1983 (8.)
305 1902 443 1962 Glandem
464 1920 538 1980 quae
558 1905 677 1982 proprie
705 1902 885 1980 intellegitur
910 1901 1007 1961 ferunt
1031 1899 1166 1981 rohor‚2t

134 2006 271 2069 quercus,
286 1986 431 2064 aesculus,
448 2004 559 2062 cerrus,
576 1987 647 2064 ilex,
664 1988 761 2047 suber·
793 1988 941 2048 continent
955 1986 1073 2067 hispido
1086 2004 1133 2048 ca·

133 2075 199 2148 lyce
221 2089 276 2149 per
302 2087 411 2145 genera
437 2071 502 2148 plus
527 2072 656 2130 minusve
676 2081 771 2132 cutem
793 2071 1010 2149 conplectente.
1062 2071 1134 2132 folia

134 2164 251 2235 praeter
272 2154 369 2212 ilicem
383 2155 500 2230 gravia,
519 2172 659 2232 carnosa,
683 2172 825 2234 procera,
849 2156 965 2216 sinuosa
981 2155 1133 2232 lateribus,

132 2257 198 2314 nec,
210 2256 273 2296 cum
289 2238 403 2312 cadunt,
420 2236 607 2300 flavescentia
621 2249 652 2300 ut
663 2241 733 2317 fagi,
750 2257 803 2317 pro
815 2239 977 2300 differentia
991 2256 1134 2317 generum

132 2323 267 2383 breviora
285 2322 332 2381 vel
349 2322 491 2398 longiora.
512 2323 590 2383 ilicis
606 2325 661 2383 duo
676 2341 796 2400 genera.
819 2342 856 2382 ex
868 2322 913 2382 his
924 2325 953 2383 iu
968 2321 1165 2384 ltalialoiioat
1205 2386 1207 2391 ,

132 2408 240 2468 nonita
256 2406 373 2466 multum
393 2406 427 2465 ab
444 2408 517 2466 oleis
534 2405 638 2466 distant
651 2407 772 2466 milaces
792 2425 808 2467 a
826 2405 996 2483 quibusdam
1012 2406 1134 2468 Graecis

132 2490 243 2562 dictae,
267 2489 295 2547 in
316 2490 474 2566 provinciis
494 2488 651 2568 aquifoliae
671 2499 745 2549 sunt.
784 2490 864 2550 ilicis
882 2490 965 2567 glans
982 2491 1135 2569 utriusque

131 2572 249 2631 brevior
270 2580 299 2629 et
320 2572 474 2648 gracilior,
499 2592 583 2651 quam
599 2573 741 2634 Homerus
764 2574 870 2649 acylon
888 2574 1019 2653 appellat
1035 2591 1135 2653 eoque

130 2655 245 2716 nomine
272 2671 288 2712 a
313 2653 419 2730 glande
440 2656 598 2732 distinguit.
641 2657 784 2716 masculas
806 2657 891 2717 ilices
913 2666 1021 2735 negant
1041 2658 1132 2718 ferre.

88 2750 123 2803 20
136 2739 222 2799 Glans
233 2746 348 2816 optuma
361 2738 389 2795 in
402 2756 510 2815 quercu
523 2749 609 2817 atque
617 2741 818 2817 grandissima,
832 2759 900 2802 mox
908 2741 1039 2801 aesculo.
1067 2758 1165 2803 namto

130 2822 245 2881 roboris
263 2839 362 2898 parva,
379 2839 463 2880 cerro
479 2824 578 2899 tristis,
601 2824 729 2898 horrida,
747 2824 879 2887 echinato
896 2825 999 2898 calyce
1016 2842 1072 2886 oeu
1085 2842 1133 2887 ca·

130 2914 260 2965 staneae.
303 2904 356 2965 sed
378 2913 406 2964 et
428 2906 456 2964 in
478 2924 586 2984 querna
608 2908 663 2967 alia
678 2907 791 2968 dulcior
803 2908 977 2988 molliorque
994 2909 1133 2985 feminae,

128 2989 199 3048 mari
216 2990 349 3066 spissior.
390 3007 521 3049 maxume
545 3000 639 3050 autem
658 2990 817 3069 probantur
834 2991 975 3052 latifoliae
992 3011 1031 3053 ex
1046 3011 1133 3071 argu·

130 3080 226 3132 mento
247 3073 352 3133 dictae.
390 3071 504 3134 Distant
519 3076 593 3134 iuter
615 3092 648 3134 se
670 3075 865 3151 magnitudine
889 3085 919 3136 et
940 3077 1013 3136 cutis
1038 3077 1133 3136 tenui·

129 3164 203 3231 tate,
220 3157 288 3216 item
305 3156 381 3235 quod
395 3156 458 3216 aliis
475 3156 575 3218 subest
591 3159 685 3218 tunica
699 3161 833 3236 robigine
845 3158 965 3233 scabra,
982 3159 1047 3219 aliis
1062 3177 1179 3238 pro-at¹

87 3252 119 3303 ‘tl
132 3240 206 3299 tinus
236 3240 386 3300 candidum
417 3258 534 3318 corpus.
583 3241 721 3321 probatur
748 3252 778 3302 et
801 3260 836 3301 ea
862 3243 942 3302 cuius
967 3244 996 3302 iu
1023 3241 1133 3304 balano

129 3324 271 3400 utrimque
292 3342 329 3382 ex
351 3325 529 3402 longitudine
551 3336 680 3387 extrema
703 3326 859 3405 lapidescit
879 3325 999 3399 duritia,
1025 3325 1135 3388 melior

130 3407 175 3465 cui
191 3408 219 3465 iu
238 3409 348 3469 cortice
364 3427 448 3486 quam
463 3411 508 3469 cui
523 3411 551 3470 iu
567 3427 710 3489 corpore,
731 3419 884 3487 utrumque
902 3425 959 3468 non
977 3407 1032 3468 nisi
1047 3412 1133 3471 mari.
