2422 3840
374 443 410 526 o.
439 442 587 526 rmm
616 416 848 528 uacuum

220 612 593 709 lldlllllllll
633 613 1013 710 lllllllllllll

452 773 775 837 urnunxvr.

131 993 227 1071 (Sect.
245 993 288 1070 1.)
333 991 497 1054 Pomilerae
509 989 635 1053 'arbores
659 1010 794 1072 quaeque
810 992 972 1053 mitioribus
994 994 1101 1059 suois1

63 1077 244 1155 voluptatem
260 1076 370 1157 primae
386 1075 458 1136 cibis
476 1077 632 1138 attulerunt
645 1085 674 1136 et
685 1078 855 1138 necessario
872 1077 1008 1138 alimento
1022 1078 1071 1138 de-

65 1161 149 1221 licias
165 1161 291 1220 miscere
307 1159 485 1238 docueruut,
510 1161 574 1220 sive
589 1160 658 1221 illae
673 1161 748 1222 ultro
766 1162 829 1220 sive
845 1160 881 1221 ab
896 1161 1012 1222 homine
1030 1162 1071 1222 di-

65 1243 166 1304 dicere
188 1242 311 1303 blandos
332 1261 456 1322 sapores
477 1244 634 1322 adoptione
652 1253 681 1304 et
697 1244 839 1320 conubio,
862 1245 949 1324 idque
971 1263 1073 1306 munus

42 1329 150 1388 aetiam
162 1327 233 1387 ieris
244 1326 473 1407 volucribusque
483 1327 645 1405 dididimus,
658 1329 731 1389 intra
745 1328 911 1408 praedictas
929 1338 1070 1390 constant.

64 1428 236 1490 proxumum
252 1419 315 1471 erat
330 1428 449 1471 narrare
466 1411 645 1488 glandiferas
657 1429 792 1491 quoque,
813 1429 888 1490 quae
900 1413 1010 1490 primae
1028 1414 1070 1472 ui-

65 1504 142 1555 ctum
158 1493 321 1553 mortalium
342 1494 474 1552 aluerunt
489 1494 617 1554 nutrices
638 1496 733 1572 inopis
754 1513 789 1555 ac
812 1493 895 1555 lerae
917 1497 1019 1572 sortis,
1042 1497 1071 1555 ni

63 1578 214 1656 praeuerti
230 1586 354 1653 cogeret
368 1576 517 1637 admiratio
529 1595 583 1636 usu
599 1587 749 1655 conperta,
763 1595 904 1657 quaenam
920 1579 1072 1657 qualisque

64 1669 147 1721 esset
162 1661 220 1720 vita
237 1661 300 1719 sine
317 1659 424 1721 arbore
439 1661 510 1737 ulla,
527 1661 590 1720 sine
607 1660 713 1722 frutice
728 1662 893 1722 viventium.

26 1759 54 1800 ao
129 1742 200 1823 Cap.
222 1746 248 1804 l.
292 1743 423 1804 Diximus
445 1747 524 1804 etin
552 1747 665 1806 oriente
689 1745 805 1825 quidem
828 1746 907 1806 iuxta
931 1759 1099 1811 oceanum2

63 1828 213 1906 conpluris
230 1846 265 1888 ea
280 1828 308 1886 in
323 1829 501 1889 necessitate
517 1831 623 1907 gentis.
648 1838 713 1889 sunt
733 1848 805 1891 vero
829 1838 858 1889 et
873 1830 901 1888 iu
917 1840 1033 1909 septen·
1048 1852 1112 1890 aaa

61 1914 157 1972 trione
172 1913 254 1972 visae
269 1912 354 1971 nobis
370 1910 552 1973 Chaucorum
567 1915 616 1992 qui
628 1914 754 1973 maiores
765 1915 951 1992 minoresque
968 1914 1069 1994 appel·

62 1996 165 2055 lantur.
195 2005 278 2055 vasto
301 1995 341 2054 ibi
361 2005 457 2056 meatu
480 1995 524 2056 bis
545 1996 656 2056 dierum
677 1998 863 2077 noctiumque
892 1999 1069 2075 singularum

62 2079 226 2138 intervallis
253 2077 362 2137 effusus
387 2079 415 2137 in
439 2081 599 2139 inmensum
628 2081 722 2157 agitur
754 2098 900 2157 oceanus,
930 2083 1069 2161 operiens

24 2179 52 2220 15
62 2172 212 2222 aeternam
233 2178 330 2220 rerum
351 2170 471 2222 naturae
497 2165 743 2240 controversiam,
771 2163 946 2241 dubiumque
971 2174 1068 2224 terrae

62 2247 148 2306 situm
163 2262 199 2304 an
215 2253 328 2323 partem
347 2246 442 2304 maris.
480 2245 550 2322 illic,
567 2247 673 2306 misera
688 2265 779 2323 gens,
798 2246 921 2305 tumulos
938 2250 1097 2326 optinent3

62 2331 137 2390 altos
154 2338 201 2389 aut
213 2329 365 2389 tribunalia
378 2339 525 2390 exstructa
537 2329 667 2390 manibus
679 2330 715 2390 ad
727 2331 926 2408 experimenta
937 2331 1069 2391 altissimi

62 2423 177 2489 aestus,
202 2414 278 2473 casis
293 2415 332 2474 ita
350 2415 484 2493 inpositis
499 2413 698 2491 navigantibus
721 2414 831 2473 similes
855 2432 919 2473 cum
940 2415 1070 2491 integant

62 2515 155 2574 aquae
174 2497 359 2574 circumdata,
375 2497 523 2575 naufragis
538 2516 610 2558 vero
631 2516 695 2557 cum
710 2498 898 2574 recesserint,
917 2498 1067 2577 fugientis·

23 2603 51 2644 ao
62 2599 120 2659 que
136 2597 201 2639 cum
221 2583 290 2640 mari
308 2583 398 2659 piscis
420 2583 499 2641 eirca
520 2584 634 2658 tuguria
655 2591 805 2642 venantur.
842 2598 900 2640 non
925 2583 1067 2660 pecudem

61 2665 107 2723 his
123 2662 244 2738 habere,
260 2681 318 2722 non
332 2664 408 2724 lacte
421 2665 459 2725 ali
472 2674 502 2724 ut
517 2665 651 2740 finitimis,
668 2684 705 2725 ne
725 2683 789 2726 cum
804 2663 876 2723 ieris
893 2666 1009 2744 quidem
1026 2666 1066 2726 di-

59 2747 169 2806 micare
186 2747 325 2823 contingit
340 2749 416 2807 omni
431 2748 536 2827 procul
554 2749 658 2809 abacto
673 2748 788 2809 frutice.
818 2748 885 2808 ulva
901 2758 930 2808 et
944 2749 1096 2828 palustri4

61 2833 146 2890 iunco
162 2829 238 2889 funis
252 2839 370 2890 nectunt
385 2832 421 2891 ad
437 2832 637 2910 praetexenda
649 2832 779 2910 piscibus
793 2832 877 2907 retia,
892 2842 1065 2911 captumque

60 2913 190 2973 manibus
206 2913 294 2973 lutum
311 2915 405 2973 ventis
420 2917 512 2993 magis
531 2933 615 2994 quam
632 2915 696 2975 sole
717 2917 863 2976 siccantes
888 2913 967 2976 terra
983 2916 1065 2977 cibos

25 3017 51 3057 aa
62 3007 92 3056 et
107 2997 231 3074 rigentia
247 2999 446 3076 septentrione
461 2999 576 3060 viscera
591 3016 643 3059 sua
658 3008 750 3059 urunt.
782 3008 869 3078 potus
882 3016 940 3059 non
954 3001 1009 3060 nisi
1028 3019 1065 3060 ex

60 3080 152 3141 imbre
169 3080 455 3142 servatoscrobibus
472 3083 661 3143 investibulo
679 3082 789 3143 domus.
823 3092 852 3142 et
872 3083 928 3144 hae
947 3095 1063 3161 gentes,

61 3165 246 3224 sirincantur
260 3164 348 3225 bodie
368 3183 384 3225 a
402 3165 511 3244 populo
527 3165 673 3241 Romano,
699 3167 811 3227 servire
828 3185 860 3226 se
885 3168 995 3228 dicunt!
1025 3169 1064 3228 ita

62 3256 107 3306 est
120 3248 272 3326 prolecto:
291 3249 387 3308 multis
401 3249 516 3309 fortuna
531 3251 667 3328 parcitin
681 3268 816 3330 poenam.

122 3331 184 3411 (2.)
230 3330 350 3392 llliude
370 3333 453 3393 silvis
474 3332 654 3394 miraculum:
680 3343 770 3395 totam
790 3334 931 3412 reliquam
947 3332 1092 3395 Germa-5

24 3435 50 3478 ao
59 3414 133 3474 niam
147 3415 263 3495 replent
278 3416 442 3496 adduntque
458 3416 561 3494 lrigori
576 3416 702 3494 umbras,
719 3419 876 3558 altissima1e
882 3426 983 3537 pumen
995 3415 1063 3476 haut
