2422 3840
482 169 511 218 0.
527 171 624 219 PLINI
639 169 792 220 SECUNDI

372 360 848 492 tramissurum

200 578 587 674 lllltlltltll
630 577 1021 672 llllltltlllt

445 757 772 824 crcunxxr.

533 926 682 933 ——-—-

97 1089 112 1141 1
189 1075 295 1153 (iapl
300 1076 461 1153 ..1(Sect
467 1079 491 1155 )
447 1075 551 1136 lln
573 1077 664 1137 hortis
694 1079 752 1136 seri
775 1087 804 1136 et
830 1089 1036 1141 coronamenta
1057 1083 1179 1145 iussit¹⁰

126 1159 198 1221 Cato
225 1158 410 1218 inenarrabili
437 1159 540 1219 dorum
566 1177 698 1220 maxume
727 1161 901 1237 subtilitate,
924 1165 1040 1242 quando
1071 1168 1147 1228 nulli

124 1253 222 1323 potest
237 1242 350 1304 facilius
366 1260 434 1303 esse
449 1243 530 1321 loqui
546 1262 631 1324 quam
646 1262 743 1304 rerum
758 1248 878 1306 naturae
892 1248 1028 1325 pingere,
1054 1249 1146 1312 lasci·

124 1329 214 1387 vienti
230 1328 402 1405 praesertim
425 1335 455 1386 et
476 1329 505 1386 in
525 1345 630 1406 magno
653 1329 760 1406 gaudio
779 1328 936 1390 fertilitatis
961 1340 1020 1392 tam
1039 1336 1146 1396 variae

95 1411 242 1473 eludenti.
276 1412 384 1489 quippe
400 1411 514 1489 reliqna
529 1430 599 1472 nsus
614 1413 800 1492 alimentique
815 1415 907 1492 gratia
921 1417 1034 1492 genuit,
1059 1418 1146 1478 ideo·

126 1514 183 1573 que
209 1494 328 1554 saecula
349 1512 499 1573 armosque
514 1495 614 1556 tribuit
635 1497 686 1573 iis,
712 1497 802 1558 dores
824 1515 895 1557 vero
916 1498 1093 1578 odoresque
1117 1504 1176 1562 inu

125 1581 201 1640 diem
226 1580 335 1656 gignit,
360 1596 480 1656 magna,
504 1589 535 1640 ut
560 1580 655 1659 palam
682 1590 743 1658 est,
773 1582 967 1642 admonitione
991 1582 1146 1646 bominum

127 1680 201 1741 quae
229 1663 441 1741 spectatissime
468 1663 593 1725 floreant
621 1665 775 1726 celerrime
801 1683 1003 1741 marcescere,
1032 1670 1093 1729 sed
1108 1687 1146 1729 ne

126 1750 237 1827 pictura
252 1747 368 1825 quidem
383 1746 545 1807 sufficiente
565 1749 682 1825 imagini
704 1750 834 1809 colorum
853 1748 1020 1809 reddendae
1034 1752 1146 1814 mixtu·

126 1849 278 1909 rarumque
305 1832 454 1907 varietati,
478 1833 540 1892 sive
566 1832 668 1892 alterni
695 1842 781 1910 atque
807 1831 982 1909 multiplices
1001 1834 1085 1895 inter
1112 1855 1146 1897 se

125 1924 292 1989 nectantur,
316 1915 378 1974 sive
391 1916 512 1992 privatis
528 1931 668 1993 generum
683 1915 816 1974 funiculis
832 1915 860 1973 in
877 1912 995 1989 orbem,
1016 1917 1046 1975 in
1067 1920 1174 1981 obli-at

126 2016 205 2072 cum,
233 1999 262 2055 in
277 1997 411 2057 ambitum
425 1999 566 2078 quaedam
584 2014 711 2058 coronae
729 2016 783 2076 per
803 2014 926 2058 coronas
943 2011 1077 2062 currunt.

98 2088 115 2142 3
187 2080 216 2139 2.
239 2080 302 2160 (2.)
327 2080 520 2142 Tenuioribns
540 2082 692 2143 utebantur
707 2077 813 2162 antiqui
829 2091 967 2160 struppos
983 2086 1146 2162 appellan-

125 2174 188 2241 tes,
215 2165 292 2224 unde
307 2175 373 2226 nata
392 2167 563 2265 strqphiola.
595 2167 679 2248 quin
679 2166 892 2227 etvocabulum
912 2167 1007 2244 ipsum
1022 2170 1147 2232 tandem

126 2249 363 2309 communicatum
379 2259 425 2308 est
439 2251 513 2309 inter
529 2268 613 2311 sacra
629 2260 737 2311 tantum
752 2260 781 2311 et
794 2251 920 2310 bellicos
938 2250 1072 2311 honores
1094 2273 1145 2316 co·

124 2335 204 2394 ronis
219 2350 301 2393 suum
316 2349 421 2392 nomen
435 2333 657 2393 vindicantibus.
683 2351 747 2393 cnm
761 2351 833 2394 vero
850 2352 867 2393 e
883 2333 1004 2393 donibus
1019 2334 1143 2416 fierent,
1153 2351 1176 2393 as

125 2427 204 2477 serta
223 2436 239 2476 a
262 2416 387 2476 serendo
405 2418 522 2476 serieve
542 2415 780 2494 appellabantur,
804 2417 882 2497 quod
904 2417 980 2494 apud
1006 2383 1145 2482 Graecos

126 2518 242 2577 quoque
258 2516 316 2558 non
331 2498 406 2559 adeo
422 2499 578 2579 antiquitus
590 2500 712 2600 placuit.

95 2593 114 2647 4
188 2581 251 2660 (3.)
275 2582 420 2643 Arborum
436 2584 512 2643 enim
526 2585 612 2644 ramis
626 2585 762 2645 coronari
777 2585 807 2645 in
822 2584 914 2645 sacris
931 2585 1145 2649 certaminibus

123 2682 187 2726 mos
210 2675 273 2724 erat
293 2668 423 2744 primum.
461 2676 565 2746 postea
581 2669 687 2729 variari
709 2678 845 2748 coeptum
865 2669 987 2728 mixtura
1005 2671 1145 2732 versico-

124 2750 179 2811 lori
204 2748 324 2824 dorum,
354 2766 429 2825 quae
455 2751 578 2809 invicem
606 2750 714 2811 odores
742 2752 920 2830 coloresque
946 2751 1176 2832 accenderent·

125 2834 252 2909 Sicyone
279 2833 395 2909 ingenio
424 2832 547 2891 Pausiae
576 2835 699 2910 pictoris
726 2843 812 2911 atque
836 2835 981 2910 Glycerae
1013 2853 1144 2899 corona·

124 2919 185 2977 riae
201 2918 328 2978 dilectae
346 2915 498 2975 admodum
515 2915 574 2991 illi,
607 2934 672 2976 cum
688 2935 780 2995 opera
796 2920 858 2979 eius
880 2919 993 2997 pictura
1010 2919 1144 2984 imitare·

125 3009 186 3074 tur,
203 3001 254 3059 illa
269 3016 437 3078 provocans
455 3000 593 3076 variaret,
613 3010 752 3081 essetque
777 3011 924 3063 certamen
944 3002 1014 3062 artis
1037 3021 1077 3065 ac
1091 3023 1143 3068 na·

124 3091 224 3159 turae,
247 3083 350 3160 quales
366 3083 542 3143 etiamnunc
558 3093 672 3144 exstant
689 3085 806 3146 artificis
828 3087 906 3146 illius
926 3084 1076 3164 tabellae,
1099 3099 1142 3150 at·

126 3183 182 3244 que
208 3167 236 3225 in
260 3167 360 3244 primis
383 3166 531 3245 appellata
557 3169 806 3247 stephaneplocos
831 3188 886 3247 qua
912 3169 1005 3247 pinxit
1030 3170 1173 3249 ipsamet

98 3251 213 3327 oidque
228 3250 334 3312 iactum
354 3258 399 3310 est
414 3261 482 3329 post
498 3249 670 3331 Olympiada
689 3255 885 3314 centesimam.
917 3253 961 3311 sic
983 3257 1109 3317 coronis
1126 3275 1145 3317 e

126 3335 247 3395 floribus
264 3336 392 3413 receptis
408 3336 496 3413 paulo
508 3353 577 3396 mox
592 3336 709 3396 subiere
724 3354 800 3416 quae
814 3344 955 3398 vocantur
968 3335 1145 3418 Aegyptiae

117 3435 156 3478 ac
170 3419 279 3481 deinde
295 3418 452 3498 hibernae,
476 3437 540 3480 cnm
563 3428 641 3480 terra
659 3419 748 3481 dores
764 3429 867 3498 negat,
889 3428 1021 3480 ramento
1040 3439 1059 3480 e
1075 3433 1144 3485 cor·
