2422 3840
120 173 179 234 134
452 187 482 236 c.
495 188 592 235 runnu
608 189 757 237 sucunnu

117 346 258 401 vocantur
272 341 308 402 ad
322 343 416 401 munia
431 360 488 421 quo
507 342 638 402 favonius
653 341 724 403 dare
737 343 853 417 debeat,
872 343 926 402 sed
939 359 997 421 quo
1011 359 1120 420 coepe-

117 425 163 482 rit.
195 423 252 485 hoc
267 427 327 485 acri
348 426 506 485 intentione
528 425 699 486 servandum
721 436 783 502 est,
804 427 863 486 hoc
882 426 934 486 illo
955 444 1056 485 mense
1082 426 1119 485 si·

118 524 204 583 gnum
220 509 292 567 deus
307 507 395 569 habet
409 509 614 570 observatione
631 511 752 571 minume
773 510 871 570 fallaci
896 519 944 569 aut
966 509 1067 584 dubia,
1097 509 1122 569 ei

75 592 197 668 adituris
214 593 351 652 attendat.
379 593 454 653 unde
465 603 561 653 autem
575 594 666 672 spiret
681 595 706 653 is
720 603 825 654 ventus
837 610 952 672 quaque
969 603 1051 671 parte
1071 610 1120 652 ve·

85 695 145 738 aua
159 677 228 753 niat,
244 676 365 736 diximus
381 678 511 738 secundo
527 677 672 737 volumine
689 687 717 737 et
729 679 858 738 dicemus
868 693 936 736 mox
949 677 1037 755 paulo
1051 694 1149 754 ope-a

76 761 223 820 saurosius.
255 762 367 820 interim
384 761 419 821 ab
438 779 474 821 eo
491 762 548 836 die,
565 762 693 839 quisquis
709 763 759 823 ille
774 762 877 835 luerit,
894 777 951 838 quo
966 759 1037 820 dare
1053 777 1122 820 coe·

118 845 204 923 perit,
217 860 275 903 non
289 847 387 922 utique
399 858 458 904 v11.
488 845 551 904 idus
562 843 661 921 Febr,
678 846 731 906 sed
744 848 806 906 sive
820 854 897 919 ante,
911 843 1024 921 quando
1037 861 1122 922 prae·

118 939 236 1003 vernat,
257 930 318 988 sive
333 937 451 1006 postea,
474 930 588 1006 quando
604 929 708 989 hiemat
722 938 790 1008 post
804 929 879 989 diem
895 937 1020 1003 certum,
1044 929 1122 987 innu-

119 1028 198 1071 mera
218 1013 343 1071 rusticos
365 1029 433 1071 cura
454 1011 606 1088 distringat
625 1021 655 1071 et
675 1014 766 1090 prima
789 1029 923 1091 quaeque
946 1019 1123 1090 peragantur

75 1106 210 1172 adaquas
235 1095 343 1156 differri
367 1105 520 1172 nequeunt.
553 1097 708 1156 trimestria
729 1104 878 1172 serantur,
897 1096 972 1154 uites
987 1103 1159 1172 putenturro

77 1198 149 1240 uma
161 1195 216 1255 qua
234 1179 355 1238 diximus
370 1180 494 1254 ratione,
512 1178 597 1239 oleae
613 1187 765 1255 curentur,
787 1197 874 1258 poma
894 1187 1027 1239 serantur
1045 1179 1122 1237 iusc-

118 1271 288 1340 ranturque,
307 1263 410 1322 uineae
425 1263 619 1340 pastinantur,
635 1265 745 1323 semina
763 1264 946 1340 digerantur,
962 1263 1122 1322 instauren-

118 1355 163 1404 tur
179 1345 245 1421 alia,
260 1345 444 1422 harundines,
460 1346 584 1423 salices,
598 1348 731 1424 genistae
747 1355 879 1407 serantur
895 1346 1122 1422 caedanturque,

75 1441 126 1494 241
135 1445 192 1488 ¹⁷:¹⁸
204 1439 336 1490 serantur
350 1447 423 1490 vero
438 1429 517 1506 ulmi,
534 1431 646 1508 populi,
663 1431 782 1508 platani,
797 1432 837 1490 uti
848 1429 956 1490 dictum
968 1438 1022 1489 est.
1052 1427 1123 1488 Tum

119 1524 148 1574 et
166 1523 286 1591 segetes
300 1515 435 1574 convenit
450 1532 586 1592 purgare,
602 1516 694 1574 sarire
712 1515 847 1574 hibernas
860 1513 961 1591 fruges
976 1530 1121 1572 maxume·
1133 1531 1160 1573 rs

119 1614 175 1677 que
191 1599 244 1659 iar.
273 1599 323 1658 lex
338 1607 417 1658 certa
432 1601 461 1657 in
477 1615 530 1672 eo,
551 1616 615 1657 cum
629 1606 763 1677 quattuor
777 1598 912 1658 librarum
928 1614 996 1657 esse
1014 1613 1123 1674 coepe·

119 1684 165 1757 rit,
181 1682 247 1742 faba
261 1699 333 1741 vero
348 1699 405 1741 non
420 1691 572 1759 antequam
589 1683 672 1740 trium
685 1681 828 1742 loliorum.
855 1690 924 1740 tnnc
935 1697 1053 1759 quoque
1065 1680 1124 1740 levi

113 1766 235 1826 ¹sarculo
258 1783 384 1843 purgare
410 1767 507 1824 verius
529 1782 613 1843 quam
638 1765 759 1842 ledere,
787 1764 939 1825 florentem
961 1764 1061 1842 utique
1076 1776 1124 1823 xv

118 1851 217 1928 primis
236 1847 338 1909 diebus
359 1866 417 1907 non
440 1849 592 1926 attingere.
630 1848 769 1908 hordeum
790 1849 845 1907 nisi
868 1849 948 1907 sicco
970 1866 1007 1907 nc
1023 1848 1122 1908 sarito.

117 1934 295 2012 putationem
322 1933 505 2009 aequinoctio
533 1940 680 2009 peractam
704 1931 822 1993 habeto.
860 1931 972 1991 Vineae
993 1933 1159 2008 iugemmm

119 2026 275 2094 quaternae
295 2032 406 2093 operae
422 2024 531 2093 putant,
548 2014 675 2091 adligant
689 2015 717 2074 in
731 2015 849 2075 arbusto
863 2015 995 2092 singulae
1013 2032 1123 2092 operae

75 2099 257 2164 alaarboree
274 2113 331 2159 xv.
359 2097 471 2158 Eodem
489 2099 545 2158 hoc
565 2107 697 2177 tempore
719 2099 868 2160 hortorum
888 2100 1122 2175 rosariorumque

76 2181 183 2270 {ljiffl‘g
200 2201 268 2243 cura
290 2193 353 2260 est,
377 2201 451 2261 quae
472 2185 628 2261 separatim
652 2185 800 2261 proxumis
826 2183 1018 2243 uoluminibus
1043 2180 1121 2241 dice·

118 2279 179 2343 tur,
203 2267 307 2327 eodem
331 2276 360 2327 et
382 2269 497 2346 topiari.
527 2276 585 2326 tum
604 2277 722 2346 optume
745 2266 867 2328 scrobes
889 2266 968 2326 liunt.
1000 2265 1124 2326 terrain

117 2354 242 2413 futurum
264 2352 458 2431 proscinditur
482 2351 615 2428 Vergilio
637 2369 768 2411 maxume
791 2360 927 2425 auctore,
950 2358 981 2410 ut
1000 2347 1161 2428 glaebasas

104 2437 165 2503 .sol
182 2445 296 2513 coquat.
328 2435 426 2495 utilior
440 2436 584 2494 sententia
602 2453 676 2513 quae
690 2452 747 2494 uon
758 2436 813 2493 nisi
824 2442 1015 2512 temperatum
1028 2431 1123 2490 solum

119 2611 226 2680 cupent
246 2602 373 2678 herbae,
395 2602 498 2681 gracili
515 2603 637 2661 insecuti
658 2611 756 2662 aestus
778 2603 930 2661 exsiccent
952 2616 1123 2675 omnemque

117 2703 217 2746 sucum
245 2688 375 2745 venturis
405 2685 561 2745 seminibus
589 2685 728 2745 auferant.
773 2684 842 2745 talia
865 2693 998 2744 autumno
1021 2682 1124 2743 melius

74 2770 209 2836 aldarari
226 2778 335 2829 certum
355 2778 409 2828 est.
443 2769 483 2846 [3]
503 2829 505 2834 Α
522 2765 595 2827 (lato
616 2785 706 2828 verua
728 2785 820 2846 opera
841 2769 884 2828 sic
906 2767 1020 2828 definit:
1042 2781 1160 2826 soro-ao

117 2855 171 2914 bes
200 2853 264 2912 lieri
291 2853 467 2929 seminariis,
493 2852 606 2910 vitiaria
626 2852 800 2930 propagari,
821 2852 850 2910 in
871 2852 945 2912 locis
968 2851 1076 2912 crassis
1096 2858 1126 2909 et

117 2938 219 2998 umidis
239 2937 342 3011 ulmos,
359 2934 442 3010 licos,
460 2951 563 3013 poma,
580 2933 663 2994 oleas
678 2936 752 3010 seri,
776 2944 858 3013 prata
880 2937 1038 2996 stercomri
1058 2934 1125 2993 luna

118 3023 245 3095 sitiente,
263 3038 338 3098 qnae
354 3021 436 3095 rigua
451 3027 614 3093 nonerunt,
630 3037 647 3078 a
661 3019 728 3079 flatu
740 3019 838 3079 favoni
851 3019 979 3094 delendi,
995 3018 1124 3096 purgari,

116 3102 223 3165 herbas
238 3103 331 3163 malas
347 3103 483 3164 radicitus
496 3103 568 3177 erui,
589 3102 660 3162 licus
673 3103 876 3183 interpurgari,
896 3103 1050 3162 seminaria
1062 3100 1125 3159 lieri

74 3233 77 3240 .
117 3198 147 3248 et
157 3196 259 3245 uetera
272 3188 383 3260 sarciri,
397 3186 471 3247 haec
483 3194 635 3266 antequam
646 3190 759 3247 vineam
771 3187 874 3248 fodere
889 3187 1020 3264 incipias.
1044 3187 1124 3243 item·
1135 3199 1162 3242 aa

118 3291 173 3351 que
188 3270 252 3350 piro
268 3269 392 3330 florente
414 3289 497 3332 arare
518 3272 640 3350 incipias
656 3290 752 3332 macra
773 3271 986 3348 harenosaque.
1022 3275 1127 3348 postca

117 3359 157 3417 uti
176 3373 310 3435 quaeque
335 3357 504 3434 gravissima
526 3365 555 3415 et
576 3357 767 3435 aquosissima
790 3356 829 3414 ita
857 3362 1006 3432 postremo
1033 3359 1124 3412 arato.

64 3439 212 3515 emungo
224 3441 304 3500 haec
318 3441 408 3501 aratio
425 3440 477 3501 has
492 3439 611 3500 habehit
627 3448 721 3516 notas,
739 3438 853 3500 lentisci
868 3437 989 3517 primum
1001 3436 1126 3497 fructum
