2422 3840
320 209 400 255 unn.
416 207 507 256 ausu.
525 209 599 256 xx1.
617 207 737 260 11—13.
760 196 914 275 (ss-44.)
1068 194 1128 256 245

126 380 199 443 pore
224 363 393 438 degenerat.
429 377 498 420 rosa
520 371 548 420 et
574 362 794 440 quinquennium
819 363 932 441 perfert
955 380 1012 423 non
1036 364 1131 422 recisa

126 465 181 507 nec
198 445 308 505 adusta.
339 444 389 504 illo
413 447 487 504 enim
509 445 595 505 modo
618 445 787 506 iuvenescit.
819 445 950 506 Diximus
971 454 1001 505 et
1024 455 1162 506 terrama

126 530 239 591 referre
257 529 425 607 plurumum.
458 546 522 589 nam
537 531 565 587 in
579 527 715 609 Aegypto
738 532 800 590 sine
826 531 918 589 odore
933 529 1008 590 haec
1026 531 1129 605 omnia,

125 622 291 691 tantumque
307 613 407 687 myrtis
424 612 497 672 odor
519 613 704 691 praecipuus.
734 611 841 673 alicubi
858 615 942 672 etiam
957 613 1032 674 binis
1052 633 1129 674 men·

105 698 207 758 usibus
224 695 370 756 antecedit
386 697 556 772 germinatio
580 697 712 755 omnium.
746 695 869 756 Rosaria
884 714 900 755 a
914 698 1030 757 favonio
1051 700 1130 758 fossa

127 789 244 861 oportet
267 798 335 841 esse
355 780 516 858 iterumque
538 779 679 854 solstitio,
708 788 736 838 et
759 779 787 839 id
804 780 947 855 agendum
968 789 998 838 ut
1014 781 1087 839 intra
1104 783 1131 840 id

125 877 240 944 tempus
256 872 434 943 perpurgata
451 881 486 923 ac
501 880 573 940 pura
588 864 653 921 sint.

190 949 238 1008 12.
263 947 347 1025 (41.)
370 949 479 1007 Verum
500 947 592 1006 hortis
608 948 879 1024 coronamentisque
895 963 1027 1006 maxume
1050 947 1126 1006 alva·
1140 957 1174 1011 7ο

125 1033 168 1091 ria
187 1040 217 1090 et
231 1048 302 1109 apes
325 1031 514 1106 conveniunt,
540 1048 589 1089 res
609 1031 759 1109 praecipui
783 1037 936 1108 quaestus,
966 1031 1130 1108 conpendio

90 1134 117 1174 xo
128 1134 191 1176 cum
207 1115 295 1175 lavet.
325 1112 424 1174 harum
442 1131 515 1191 ergo
534 1131 621 1174 causa
637 1123 755 1192 oportet
772 1132 873 1174 serere
889 1113 1030 1189 thymum,
1053 1115 1130 1192 apia·

127 1208 231 1274 strum,
263 1214 377 1274 rosam,
409 1197 519 1272 violas,
549 1197 654 1274 lilium,
683 1200 822 1274 cytisum,
849 1197 961 1273 labam,
990 1198 1130 1273 erviliam,

127 1283 264 1358 cunilam,
291 1299 436 1360 papaver,
465 1298 619 1357 conquam,
649 1283 769 1356 casiam,
795 1280 970 1356 melilotum,
999 1282 1130 1342 melisso-

127 1365 272 1445 phyllum,
298 1365 457 1424 cerinthen.
491 1382 526 1423 ea
547 1373 591 1423 est
617 1373 711 1423 autem
731 1365 803 1424 lolio
827 1363 965 1440 candido,
998 1367 1130 1440 incurvo,

128 1447 278 1523 cubitalis,
317 1449 411 1527 capite
439 1465 568 1507 concavo
595 1447 689 1506 mellis
712 1465 811 1507 sucum
844 1447 978 1507 habente.
1020 1447 1127 1508 Horum
1141 1455 1173 1510 71

90 1533 209 1593 15doris
224 1532 407 1592 avidissimae
422 1541 501 1604 sunt,
528 1540 615 1609 atque
633 1532 718 1591 etiam
739 1533 864 1609 sinapis,
893 1530 969 1608 quod
987 1533 1131 1606 miremur,

129 1634 192 1676 cum
208 1615 304 1676 olivae
319 1614 419 1675 dorem
436 1615 471 1675 ab
493 1614 537 1674 liis
558 1631 616 1673 non
639 1615 739 1692 attingi
758 1623 887 1691 constet,
911 1615 978 1674 ideo
998 1614 1072 1674 hanc
1088 1633 1131 1675 ar-

128 1700 230 1760 borem
244 1699 346 1777 procul
363 1717 430 1759 esse
447 1698 549 1758 melius
561 1700 608 1774 sit,
622 1715 686 1758 cum
699 1699 811 1776 aliquas
823 1716 907 1777 quam
922 1716 1062 1776 proxume
1074 1700 1133 1758 seri

130 1786 284 1844 conveniat
299 1801 374 1862 quae
396 1792 425 1842 et
444 1783 619 1842 evolantium
643 1783 773 1841 examina
798 1782 918 1842 invitent
941 1800 996 1842 nec
1019 1783 1132 1859 longius

128 1868 209 1927 ahire
226 1869 376 1946 patiantur.

91 1969 118 2010 ao
173 1951 256 2031 (42.)
281 1950 405 2011 Cornum
422 1968 539 2030 quoque
554 1950 688 2010 arborem
710 1950 808 2010 caveri
825 1959 951 2028 oportet.
980 1948 1053 2009 llorc
1068 1951 1129 2009 eius
1142 1957 1175 2012 ta

128 2036 282 2111 degustato
302 2035 368 2094 alvo
391 2036 446 2095 cita
467 2036 635 2095 moriuntur.
666 2034 824 2094 remedium
843 2033 931 2094 sorba
953 2042 1094 2093 contunsa
1116 2051 1132 2091 e

129 2118 216 2177 melle
235 2117 380 2195 praebere
401 2117 446 2177 his
461 2117 510 2176 vel
530 2118 640 2176 urinam
657 2116 779 2177 hominis
797 2117 845 2175 vel
869 2116 956 2176 ltoum
976 2125 1024 2176 aut
1043 2135 1133 2193 grana

130 2200 226 2279 punici
248 2199 314 2259 mali
333 2198 455 2259 Amineo
477 2200 544 2259 vino
569 2215 738 2277 conspersa.
771 2208 799 2258 at
819 2200 948 2274 genistas
965 2202 1132 2260 circumseri

131 2284 246 2344 alvariis
262 2284 463 2360 gratissimum.

92 2388 120 2428 aa
195 2365 277 2445 (43.)
306 2364 407 2425 Mirum
442 2374 486 2425 est
520 2366 694 2443 dignumque
722 2372 881 2423 memoratu
916 2364 952 2423 dc
990 2365 1130 2425 alimentis
1141 2374 1176 2429 73

129 2451 208 2530 quod
230 2452 359 2528 cooperi.
393 2448 517 2510 Hostilia
537 2450 619 2509 vicus
643 2448 767 2509 adluitur
784 2446 872 2507 Pado.
904 2448 987 2507 huius
1004 2448 1132 2527 inquilini

128 2533 235 2614 pabulo
258 2536 336 2594 circa
358 2533 512 2594 deficiente
534 2534 673 2612 inponunt
689 2532 811 2592 navibus
832 2532 914 2591 alvos
941 2531 1133 2610 noctibusque

130 2620 215 2696 quina
240 2617 316 2677 milia
341 2634 477 2695 passuum
503 2619 647 2677 contrario
674 2634 756 2676 amne
783 2614 953 2675 subvehunt.
993 2633 1132 2693 egressae

130 2701 196 2761 luce
223 2717 295 2780 apes
320 2709 480 2779 pastaeque
498 2700 534 2760 ad
552 2701 632 2759 navis
660 2699 766 2759 cotidie
792 2708 921 2758 remeant
940 2701 1073 2760 mutantis
1090 2700 1132 2758 lo·

93 2807 120 2849 ao
132 2802 213 2860 cum,
241 2783 335 2844 donec
355 2784 486 2862 pondere
507 2786 572 2862 ipso
588 2786 699 2862 pressis
715 2781 835 2843 navibus
851 2783 955 2860 plenae
972 2783 1029 2842 alvi
1050 2785 1132 2843 intel·

131 2868 265 2945 legantur
285 2869 471 2945 revectisque
493 2869 652 2927 eximantur
672 2867 768 2927 mella.
816 2867 864 2927 13.
888 2864 924 2926 m
946 2868 975 2926 in
992 2864 1128 2944 Hispania
1141 2875 1175 2929 74

130 2951 212 3011 mulis
228 2950 391 3030 provehunt
411 2951 495 3012 simili
512 2953 549 3011 de
573 2969 675 3028 causa,
709 2951 793 3029 (44.)
811 2959 976 3027 tantumque
998 2948 1132 3026 pabulum

130 3036 221 3096 reiert
249 3044 279 3094 ut
295 3033 383 3094 mella
405 3053 520 3113 quoque
543 3045 684 3094 venenata
707 3035 783 3094 fiant.
811 3032 964 3094 Heracliae
988 3033 1016 3090 in
1041 3032 1132 3093 Ponto

122 3119 300 3198 quibusdam
325 3119 405 3178 annis
424 3118 668 3197 perniciosissima
694 3119 834 3178 exsistunt
855 3117 891 3177 ab
912 3116 1013 3176 iisdem
1030 3116 1132 3195 apibus

94 3205 216 3265 attacta.
249 3221 305 3262 nec
322 3201 423 3261 dixere
439 3210 574 3262 auctores
595 3201 730 3280 equibus
747 3200 865 3260 floribus
881 3199 1051 3276 caderent,
1079 3218 1132 3259 nos

130 3287 276 3347 trademus
293 3303 368 3364 quae
386 3286 576 3364 conperimus.
607 3282 704 3345 Herba
724 3292 769 3344 est
782 3284 816 3344 ah
836 3285 924 3343 exitio
945 3293 974 3343 et
994 3285 1131 3342 iumento·

131 3387 192 3428 rum
219 3371 349 3448 quidem,
380 3369 433 3429 scd
462 3368 620 3447 praecipue
646 3385 811 3447 caprarum,
839 3367 986 3446 appellata
1013 3367 1131 3442 aegole·

130 3451 224 3512 thron.
250 3453 333 3514 huius
351 3453 424 3514 ilore
441 3452 606 3530 concipiunt
621 3454 736 3512 noxium
749 3453 829 3511 virus
844 3467 959 3528 aquoso
971 3467 1051 3506 vene
1061 3465 1145 3501 maa-
