2422 3840
295 207 481 257 nummos.
496 205 713 260 sunno-tt.
729 197 882 276 (lo—47.)
1046 198 1084 259 91

92 380 156 422 cum
178 361 350 435 evolavere,
373 377 431 419 non
453 361 633 421 inveniuntur
656 364 729 421 intus
751 382 856 440 grana,
881 380 955 442 quae
979 363 1007 420 in
1034 380 1086 423 eos

90 461 177 504 versa
194 443 323 522 adparet.
353 443 477 503 exeundi
490 452 566 504 tanta
577 454 622 504 est
634 445 754 505 aviditas
766 455 796 505 ut
808 447 942 526 plerique
953 455 1001 504 ant
1010 447 1087 525 pede

90 527 196 588 relicto
214 535 262 586 aut
280 527 384 605 pinnae
400 536 482 606 parte
498 536 656 605 erumpant.
694 527 747 588 Est
765 538 793 589 et
812 530 889 589 aliud
908 546 1000 606 genus
1017 530 1087 589 culi·

93 628 157 670 cum
172 627 246 688 quos
257 619 362 670 vocant
374 611 537 685 centrinas,
554 612 628 671 fucis
646 613 741 689 apium
758 612 866 671 similes
883 613 997 689 ignavia
1007 612 1086 673 mali-

68 695 190 771 atiaque
215 712 278 754 curn
303 695 432 772 pernicie
457 710 592 754 verorum
619 704 648 753 et
669 695 787 754 utilium.
822 697 991 754 interemunt
1014 697 1089 756 enim

91 776 159 836 illos
181 786 267 854 atque
285 778 340 855 ipsi
360 779 581 836 conmoriuntur.
608 787 715 836 vexant
733 786 762 836 et
774 779 868 837 tineae
881 779 988 849 semina
1000 779 1129 842 lico-256

89 878 163 934 rum,
173 868 273 919 contra
286 877 358 938 quas
369 859 524 919 remedium
536 862 564 920 in
576 861 681 920 eodem
693 859 799 920 scrobe
821 861 962 921 defodere
983 861 1088 920 taleam

90 943 204 1002 lentisci
230 944 345 1001 inversa
367 951 448 1020 parte
473 961 547 1021 quae
569 944 657 1002 inerit
684 961 700 1002 a
727 944 883 1003 cacumine.
929 943 1088 1004 uberrimas

90 1034 187 1086 autem
198 1026 269 1085 ficus
279 1024 394 1086 rubrica
405 1042 520 1086 amurca
532 1027 619 1087 diluta
632 1035 661 1085 et
673 1044 737 1086 oum
752 1026 819 1086 limo
836 1027 928 1085 inlusa
944 1025 1088 1085 radicibus

55 1108 229 1170 infrendere
247 1109 441 1186 incipientium
458 1109 536 1168 facit.
571 1109 773 1189 caprificorum
792 1109 942 1170 laudantur
957 1127 1088 1169 maxume

90 1193 191 1268 nigrae
207 1193 275 1251 etin
287 1193 425 1270 petrosis,
444 1194 576 1271 quoniam
591 1194 733 1253 frumenta
752 1193 881 1270 pluruma
890 1190 1024 1268 habeant,
1038 1210 1085 1252 oa·

89 1275 233 1354 prilicatio
246 1277 309 1353 ipsa
321 1284 388 1352 post
399 1274 528 1335 imbrem.

133 1359 216 1436 (45.)
240 1357 272 1417 ln
298 1359 396 1436 primis
418 1367 512 1418 autem
538 1359 695 1418 cavendum
720 1377 757 1418 ne
782 1376 819 1417 ex
844 1359 981 1418 remediis
1000 1361 1130 1422 vitiato?

91 1441 174 1514 liant,
195 1441 272 1518 quod
291 1443 387 1501 evenit
400 1442 485 1500 nimia
499 1452 547 1500 aut
562 1441 762 1519 intempestiva
779 1441 930 1500 medicina.
970 1442 1088 1500 interlu-

56 1543 81 1583 15
92 1525 168 1583 catio
184 1522 336 1583 arboribus
353 1523 484 1600 prodest,
500 1525 554 1582 sed
567 1524 689 1581 omnium
706 1539 844 1581 annorum
859 1523 1012 1583 trucidatio
1028 1525 1088 1582 inu·

90 1606 230 1666 tilissima.
262 1607 329 1665 vitis
353 1614 460 1666 tantum
484 1615 630 1665 tonsuram
656 1622 776 1664 annuam
799 1607 926 1682 quaerit,
950 1606 1089 1666 alternam

90 1705 163 1747 uero
175 1699 294 1765 myrtus,
308 1691 441 1768 punicae,
460 1690 557 1764 oleae,
574 1690 639 1767 quia
658 1688 796 1748 celeriter
812 1688 1012 1748 fruticescunt.
1040 1707 1087 1748 ce·

90 1781 173 1832 terae
184 1775 275 1833 rarius
287 1773 452 1848 tondentur,
464 1773 541 1832 nulla
554 1781 697 1831 autumno.
727 1789 762 1831 ac
774 1789 811 1830 ne
826 1772 964 1831 raduntur
975 1773 1089 1850 quidem

90 1857 146 1915 nisi
160 1874 239 1916 vere.
276 1858 423 1933 putatione
435 1856 523 1935 plaga
541 1856 576 1916 ad
592 1854 689 1914 vitalia
704 1864 769 1914 sunt
781 1857 875 1915 omnia
890 1872 1088 1932 quaecumque

56 1956 351 2016 nononsupervacua.
891 1984 893 1988 μ

155 2022 239 2100 (46.)
272 2023 379 2082 Similis
402 2024 458 2083 dmi
481 2023 563 2082 ratio.
601 2023 728 2100 gaudent
754 2040 810 2098 eo,
834 2022 886 2082 sed
910 2021 1132 2082 cavendumttss

91 2123 128 2164 ne
145 2106 174 2162 in
193 2105 311 2164 fervore
330 2106 402 2164 solis
421 2106 624 2180 admoveatur,
641 2124 677 2165 ue
698 2108 882 2178 inmaturum,
910 2123 946 2164 ne
966 2104 1088 2165 validius

92 2205 177 2265 quarn
197 2205 270 2264 opus
286 2191 332 2247 sit.
373 2190 429 2247 urit
450 2188 549 2245 vineas
570 2187 684 2247 suillum
699 2189 762 2247 nisi
785 2189 978 2267 quinquennio
1002 2189 1088 2246 inter·

91 2271 200 2348 posito,
219 2279 422 2348 praeterquam
439 2269 464 2326 si
483 2269 572 2344 riguis
585 2267 723 2344 diluatur,
746 2279 775 2328 et
791 2289 808 2328 e
826 2272 1014 2329 coriariorum
1028 2286 1089 2327 sor·

56 2350 177 2411 aedibus
205 2353 258 2411 uisi
283 2352 406 2413 admixta
433 2369 515 2429 aqua.
551 2351 619 2409 item
641 2350 758 2428 largius.
802 2353 906 2411 iustum
928 2352 1091 2410 existimant

93 2437 121 2493 in
133 2433 224 2494 denos
236 2435 327 2514 pedes
340 2436 497 2514 quadratos
513 2435 565 2494 tris
582 2434 705 2493 modios.
749 2434 777 2493 id
792 2434 907 2513 quidem
921 2434 977 2519 soli
990 2442 1090 2492 natura

94 2518 242 2576 decernet.

157 2600 239 2677 (47.)
264 2598 435 2661 columbino
453 2620 488 2662 ac
507 2601 592 2660 suillo
612 2602 705 2679 plagis
724 2618 840 2679 quoque
856 2600 990 2660 arborum
1011 2608 1133 2663 meast

93 2683 205 2743 dentur.
240 2684 349 2743 simula
361 2687 465 2760 punica
476 2685 559 2745 acida
570 2693 734 2759 nascautur,
748 2683 932 2762 ablaqueatis
943 2684 1089 2745 radicibus

57 2784 84 2825 so
93 2766 188 2826 limum
199 2765 313 2824 suillum
327 2766 471 2829 adhibent.
485 2785 522 2827 eo
534 2785 608 2826 anno
619 2767 777 2843 vinolenta,
785 2785 926 2844 proxumo
939 2768 1034 2828 dulcia
1046 2767 1087 2826 fu·

93 2859 165 2910 tura.
203 2848 252 2908 alii
270 2850 351 2909 irrina
371 2850 494 2911 bominis
511 2869 585 2930 aqua
602 2853 689 2910 mixta
709 2851 828 2928 riganda
849 2861 970 2910 censent
986 2857 1089 2928 quater

93 2948 186 3007 anno,
205 2930 326 3009 singulis
338 2934 500 3010 amphoris,
518 2943 566 2994 aut
583 2936 730 2995 cacumina
747 2936 846 3012 spargi
857 2937 925 2993 vino
938 2934 1033 2993 lasare
1047 2929 1088 2989 di·

93 3015 164 3076 luto.
199 3016 225 3074 si
237 3015 377 3076 findantur
388 3018 417 3074 in
432 3016 552 3092 arbore,
574 3017 740 3094 pediculum
754 3019 923 3095 intorqueri.
954 3015 1017 3074 dcis
1035 3014 1088 3072 uti-

94 3118 150 3178 que
170 3116 314 3160 amurcam
330 3100 462 3174 adfundi,
482 3101 589 3159 ceteris
610 3100 764 3160 arboribus
779 3103 875 3178 aegris
891 3101 1003 3160 faecem
1021 3098 1089 3172 vini,

59 3200 85 3241 as
94 3192 143 3242 aut
163 3183 290 3261 lupinum
304 3186 410 3244 circum
422 3183 535 3242 radices
547 3200 644 3242 earum
656 3185 724 3243 seri.
752 3183 836 3263 Aqua
852 3200 968 3262 quoque
981 3181 1134 3258 lupiniaco

94 3265 210 3326 decocti
234 3267 405 3327 circumfusa
429 3266 523 3344 pomis
546 3265 676 3341 prodest.
710 3266 773 3340 lici,
797 3286 860 3326 cum
882 3263 1090 3326 Volcanalibus

93 3350 194 3425 tonuit,
209 3350 320 3410 cadunt.
359 3349 515 3410 remedium
526 3357 571 3407 est
582 3357 613 3407 ut
625 3358 691 3408 ante
707 3350 813 3428 stipula
824 3349 990 3410 hordeacea
1003 3363 1090 3406 areae

94 3433 277 3510 stringantur.
317 3432 446 3494 cerasos
464 3433 619 3511 praeconis
642 3431 711 3494 iacit
734 3434 872 3511 cogitque
893 3439 1096 3490 maturescere
