2422 3840
119 167 179 228 172
460 180 489 226 0.
507 180 603 227 runnu
620 178 770 227 suenum

118 335 222 394 dulcia.
266 331 376 391 Bulbos
398 348 455 391 non
475 332 556 392 nasci
571 332 624 391 nisi
640 350 657 391 e
672 332 781 391 semine
797 332 914 410 priores
931 333 1127 411 tradiderunt,

118 418 170 478 sed
192 418 218 475 in
235 414 430 474 Praenestinis
449 417 556 494 campis
577 423 682 494 sponte
700 424 871 490 nascuntur,
898 433 936 477 ac
958 417 1027 478 sine
1043 418 1127 480 rnodo

118 502 202 560 etiam
218 500 245 557 in
262 498 416 558 Remorum
432 499 519 558 arvis.

73 593 107 650 00
183 583 212 643 6.
235 583 317 662 (31.)
338 581 502 642 Hortensiis
526 580 657 642 omnibus
682 582 746 641 lere
767 582 899 659 singulae
927 583 1072 663 radices,
1101 595 1128 646 nt

115 666 259 745 raphano,
275 665 378 743 betae,
398 667 476 744 apio,
492 666 615 742 malvae,
633 666 808 745 amplissima
824 673 919 726 autem
938 666 1084 746 lapatho,
1102 679 1144 730 stu

116 768 190 828 quae
206 751 366 811 descendat
382 751 418 810 ad
434 752 488 810 tria
504 749 615 826 cubita,
643 749 769 809 silvestri
786 749 879 808 minor
896 759 926 810 01
941 753 1064 831 umida,
1089 753 1128 814 el·

116 833 197 894 fossa
214 852 330 913 quoque
346 834 393 894 diu
409 834 488 894 vivit.
511 832 680 912 quibusdam
696 844 790 893 tamen
805 833 983 910 capillatae,
1000 844 1035 896 01
1052 839 1127 916 apio,
1164 796 1166 885 1

114 919 244 994 malvae,
265 917 433 996 quibusdam
451 916 637 992 surculosae,
661 926 689 976 ut
706 917 816 992 ocimo,
833 916 896 976 aliis
913 934 1085 998 carnosae,
1102 930 1129 980 ut

116 1001 202 1061 betae
219 1010 266 1060 ant
280 1001 372 1076 magis
389 1001 541 1058 etiamnum
557 1017 663 1076 croco,
681 1001 784 1078 aliquis
802 1017 840 1059 ox
857 1002 972 1060 cortice
990 1011 1022 1062 et
1039 1021 1128 1064 carno

116 1092 264 1159 constant,
282 1092 312 1142 ut
327 1081 473 1160 raphano,
490 1084 585 1160 rapis,
605 1083 780 1161 quorundam
794 1083 984 1160 geniculatae
1001 1096 1083 1163 sunt,
1098 1096 1127 1148 ut
1136 1102 1155 1143 0

72 1175 106 1228 99
115 1167 261 1243 graminis.
308 1164 390 1238 Quae
406 1174 515 1226 rectam
531 1184 588 1225 000
602 1167 709 1228 habent
724 1167 852 1226 radicem
867 1168 963 1228 statim
983 1169 1129 1248 plurumis

115 1251 240 1309 nituntur
258 1249 486 1328 capillamentis,
509 1259 539 1310 ut
557 1251 684 1330 atriplex
698 1260 727 1310 et
743 1250 851 1310 blitum.
875 1250 960 1311 scilla
981 1262 1083 1314 autem
1102 1264 1130 1315 et

117 1333 198 1392 bulbi
214 1343 242 1393 et
258 1351 351 1412 cepae
367 1343 396 1393 et
412 1333 497 1394 alium
512 1352 570 1394 non
584 1335 639 1394 nisi
653 1336 681 1394 in
695 1343 806 1394 rectum
821 1332 999 1394 radicantur.
1021 1347 1128 1415 sponte

114 1419 293 1477 nascentium
311 1418 451 1496 quaedam
468 1420 668 1478 numerosiora
686 1426 750 1477 0001
765 1417 864 1476 radice
880 1435 965 1495 quam
983 1419 1080 1496 lolio,
1100 1430 1128 1480 nt

73 1513 124 1565 100
136 1501 255 1578 spalax,
278 1503 452 1580 perdicium,
471 1519 596 1562 crocum.
641 1499 761 1562 Floreat
778 1500 930 1560 confertim
947 1503 1125 1581 serpyllum,
1135 1518 1157 1558 0

114 1586 321 1661 habrotonum,
341 1586 423 1665 napi,
439 1585 578 1663 raphani,
599 1594 711 1660 menta,
728 1593 808 1659 ruta,
827 1593 856 1643 et
874 1592 974 1644 cetera
996 1588 1126 1664 quidem,

116 1688 180 1728 cum
195 1687 341 1747 coepere,
360 1669 566 1744 deflorescunt,
585 1670 706 1728 ocimum
722 1676 815 1727 antem
834 1667 1030 1744 particulatim
1048 1680 1079 1732 et
1092 1670 1127 1733 ab

114 1753 171 1811 imo
194 1754 309 1830 incipit,
332 1770 387 1830 qua
409 1751 445 1810 de
468 1770 555 1812 causa
570 1751 728 1811 diutissime
745 1750 840 1810 lloret.
867 1751 924 1810 hoc
940 1760 969 1811 et
984 1752 1016 1812 10
1032 1753 1125 1814 helio·

115 1837 211 1914 tropio
226 1834 318 1894 herba
332 1835 437 1892 evenit.
459 1834 513 1894 ilos
529 1835 592 1894 aliis
607 1835 756 1910 candidus,
773 1834 837 1895 aliis
853 1834 959 1910 luteus,
976 1834 1047 1898 aliis
1059 1856 1126 1916 pur·

116 1936 234 1997 pureus.
279 1915 363 1976 Folia
380 1917 484 1977 cadunt
502 1935 519 1976 a
536 1918 730 1978 cacuminibus
747 1918 868 1994 origano
876 1963 889 1994 ,.
908 1918 1006 1978 inulae
1024 1930 1055 1981 et
1073 1920 1156 1981 ali-sn

116 2000 230 2078 quando
254 2007 336 2058 rutae
362 2000 463 2059 iniuria
486 2000 596 2061 laesae,
626 2019 757 2061 maxume
779 2019 908 2060 concava
929 2012 1125 2084 sunt-cepae,

136 2083 235 2157 ethyo.

72 2103 134 2231 101g
197 2165 280 2246 (32.)
304 2166 401 2228 Alium
424 2185 572 2248 cepasque
595 2170 669 2228 inter
691 2170 762 2229 deos
783 2170 811 2228 in
829 2168 1015 2228 iureiurando
1035 2169 1126 2231 habet

114 2251 279 2330 Aegyptus.
308 2271 399 2331 cepae
415 2270 525 2329 genera
541 2252 617 2331 apud
633 2251 761 2313 Graecos
776 2251 884 2326 Sarda,
906 2251 1124 2331 Samothracia,

114 2334 270 2412 Alsidena,
291 2338 419 2411 setania,
438 2334 562 2410 schista,
580 2335 736 2395 Ascalonia
751 2335 787 2394 ab
804 2335 911 2414 oppido
927 2334 1056 2396 Iudaeae
1073 2354 1164 2397 noss-

113 2421 228 2480 miuata.
254 2419 384 2479 omnibns
402 2420 487 2477 etiam
503 2419 578 2485 odon
592 2418 761 2478 lacrimosus
776 2428 805 2479 et
818 2419 976 2497 praecipue
991 2417 1123 2498 Cypriis,

114 2504 236 2560 minume
254 2500 371 2561 Cnidiis.
403 2501 533 2561 omnibus
555 2520 662 2579 corpus
683 2511 772 2562 totum
794 2502 999 2580 pinguitudinis
1022 2520 1123 2563 earum

71 2595 123 2649 102
136 2583 316 2660 cartilagine.
361 2584 386 2644 Ε
402 2586 512 2645 0000110
528 2586 638 2645 setania
651 2587 784 2661 minuma,
803 2593 928 2664 excepta
942 2583 1122 2661 Tusculana,

114 2666 167 2725 sed
183 2665 285 2726 dulcis.
317 2669 425 2729 schista
443 2677 536 2729 autem
555 2678 584 2729 01
598 2667 756 2729 Ascalonia
772 2669 951 2729 condiuntur.
980 2669 1122 2730 schistam

113 2748 208 2808 hieme
225 2767 287 2808 cum
306 2768 388 2812 coma
404 2770 456 2811 sua
470 2752 628 2826 relincunt,
652 2771 722 2812 vere
738 2752 808 2812 lolia
826 2751 992 2827 detrahunt,
1018 2761 1048 2812 01
1066 2754 1154 2814 aliast

114 2833 324 2894 subnascuntur
339 2834 441 2893 iisdem
457 2833 609 2908 divisuris,
634 2835 709 2895 unde
726 2844 755 2894 et
769 2853 884 2895 nomeu.
906 2837 964 2895 hoc
980 2838 1122 2915 exemplo

113 2917 233 2995 reliquis
255 2933 372 2995 qnoque
397 2915 553 2994 generibus
575 2916 687 2997 detrahi
709 2918 823 2996 iubent,
850 2929 880 2979 nt
897 2921 1037 2996 incapite
1055 2938 1122 2980 cre·

70 3008 122 3062 103
134 3009 216 3059 00001
233 3001 329 3078 potius
345 3017 429 3079 quam
443 3000 472 3059 10
487 3018 596 3060 semen.
635 3000 855 3063 Ascaloniarum
871 3003 988 3082 propria
1005 3012 1121 3064 natura.

113 3085 220 3142 etenim
241 3082 320 3143 uelut
345 3084 462 3144 steriles
485 3093 550 3143 sunt
574 3083 610 3144 ab
630 3086 744 3163 radice,
771 3096 800 3146 et
821 3086 859 3146 ob
883 3086 912 3145 id
929 3087 1040 3146 semiue
1057 3090 1123 3147 seri

113 3165 196 3242 illas,
212 3183 270 3225 non
285 3167 393 3246 deponi
409 3168 522 3228 iussere
539 3168 659 3245 Graeci,
676 3180 831 3249 praeterea
847 3171 941 3230 serius
959 3172 1155 3248 01000000,οι

113 3267 176 3309 cum
191 3250 369 3330 germinent,
389 3251 556 3331 transferri,
572 3255 612 3312 ita
628 3272 817 3314 crassescere
834 3263 865 3314 et
879 3262 937 3313 tum
955 3271 1121 3332 properare

112 3334 262 3412 praeteriti
285 3336 425 3413 temporis
453 3337 655 3414 pensitatione.
692 3337 884 3398 festinandum
904 3346 999 3398 autem
1022 3337 1051 3395 in
1073 3337 1121 3398 his

112 3426 173 3495 001,
191 3419 332 3495 quoniam
353 3429 482 3481 maturae
505 3420 644 3482 celeriter
666 3429 844 3500 putrescunt.
877 3422 901 3481 si
924 3419 1120 3499 deponantur,
