2400 3846
360 203 441 249 unu.
456 201 547 250 nisu.
564 203 650 249 xvn.
667 201 710 252 10.
736 190 872 270 (9-14.)
1064 196 1105 255 57

108 366 220 418 ceratas
242 374 296 435 per
316 355 506 435 triduumlaut
527 356 620 434 pridie
641 374 726 434 quam
742 367 875 418 serantur
901 376 978 437 aqua
1002 361 1104 422 rauba.

104 456 242 501 mucrone
256 439 354 516 deligi,
372 440 464 498 aciem
482 439 581 499 lateris
600 442 627 499 in
643 440 808 519 aquilonem
825 451 974 520 spectare.
1007 453 1104 504 ternas

104 525 186 584 simul
212 522 349 583 serendas
375 523 519 599 triangula
543 523 655 582 ratione
680 524 776 602 palmo
801 525 877 584 iuter
904 543 937 584 se
962 526 1101 587 distantis.

105 609 185 669 denis
207 606 308 666 diebus
329 606 465 683 adaquari
487 607 581 667 donec
600 606 804 684 grandescant.
836 607 994 685 luglaudes
1010 619 1147 674 nucesdl

83 699 259 771 tporrectae
281 698 415 754 seruntur
438 691 632 750 commissuris
654 692 832 767 iacentibus,
860 694 965 770 pineae
990 694 1103 754 nucleis

104 776 233 853 septenis
253 773 317 832 lere
341 773 369 831 iu
389 773 464 831 ollas
479 773 643 850 perforatas
667 775 769 833 additis
791 783 839 833 aut
861 784 890 834 ut
910 775 1008 835 laurus
1029 796 1104 856 quae

103 858 183 919 bacis
201 857 316 916 seritur.
349 858 439 915 citrea
457 874 548 932 grano
564 866 593 916 et
609 859 787 936 propagine,
812 858 901 919 sorba
917 860 1029 919 semine
1045 871 1103 921 eta

103 942 202 1002 radice
222 941 319 1018 planta
343 947 372 998 et
393 939 545 999 avolsione
567 941 748 1020 proveniunt.
780 942 833 1002 sed
858 941 908 1002 illa
933 943 962 1001 iu
990 943 1102 1019 calidis,

103 1025 193 1084 sorba
207 1026 235 1083 iu
250 1023 362 1099 frigidis
379 1031 408 1082 et
423 1023 535 1082 umidis.

69 1118 94 1158 10
167 1108 250 1186 (12.)
271 1105 377 1166 Natura
399 1115 429 1166 et
449 1106 588 1185 plantaria
609 1108 816 1170 demonstravit
831 1110 982 1169 multarum
997 1110 1145 1175 radici-65

103 1193 157 1251 bus
181 1191 338 1271 pullulante
359 1189 463 1250 subole
485 1191 574 1251 densa
596 1202 625 1252 et
645 1195 777 1272 pariente
796 1202 887 1252 matre
908 1211 980 1271 quas
1003 1204 1100 1254 necet.

103 1277 165 1335 eius
174 1276 280 1352 quippe
295 1274 394 1334 umbra
408 1272 490 1333 turba
506 1275 648 1352 indigesta
661 1278 808 1355 premitur,
819 1285 849 1335 ut
863 1277 892 1335 iu
908 1276 1007 1352 lauris,
1020 1279 1100 1356 puni-

104 1359 156 1434 cis,
174 1358 307 1435 platanis,
324 1359 444 1434 cerasis,
460 1361 567 1435 prunis.
597 1377 754 1437 paucorum
777 1362 806 1418 iu
827 1359 885 1419 boc
899 1378 1013 1437 genere
1029 1363 1100 1421 rami

103 1450 223 1520 parcunt
243 1440 355 1515 suboli,
376 1450 406 1499 ut
420 1441 560 1501 ulmorum
580 1443 804 1520 palmarumque.
836 1442 922 1503 nullis
937 1462 1009 1503 vero
1025 1445 1100 1504 tales

70 1535 93 1574 ¹⁶
103 1524 203 1604 pulluli
220 1525 392 1602 proveniunt
404 1525 459 1582 uisi
475 1541 592 1601 quarum
609 1526 724 1584 radices
744 1541 843 1585 amore
859 1527 929 1585 solis
947 1535 1034 1604 atque
1050 1528 1099 1585 im-

102 1609 162 1667 bris
177 1608 205 1664 in
220 1623 328 1666 summa
343 1607 448 1666 tellure
465 1610 631 1684 spatiantur.
662 1607 761 1669 Omnia
778 1625 812 1668 ea
827 1625 884 1667 non
901 1610 993 1669 statim
1009 1612 1098 1669 moris
1108 1621 1142 1674 66

104 1699 149 1750 est
173 1691 200 1749 iu
217 1708 268 1750 sua
284 1690 375 1749 locari
396 1691 449 1749 sed
471 1693 549 1768 prius
564 1693 667 1751 nutrici
689 1693 750 1752 dari
774 1700 860 1770 atque
887 1693 916 1751 iu
938 1694 1099 1752 seminariis

104 1774 277 1834 adulescere
296 1775 454 1852 iterumque
471 1776 607 1852 migrare,
621 1777 669 1853 qui
682 1778 818 1837 transitus
832 1778 932 1835 mirum
947 1775 1100 1836 immodum

102 1859 212 1934 mitigat
228 1859 313 1917 etiam
329 1857 481 1933 silvestris,
494 1860 557 1918 sive
572 1858 706 1919 arborum
719 1877 836 1938 quoque
851 1869 880 1918 ut
891 1861 1036 1919 bominum
1050 1878 1099 1919 na·

69 1955 94 1996 ao
104 1951 165 2001 tura
181 1942 315 2000 novitatis
331 1958 366 1999 ac
385 1944 628 2021 peregrinationis
642 1943 725 2004 avida
746 1953 807 2018 est,
831 1944 893 2002 sive
912 1945 1099 2004 discedentes

103 2027 180 2084 virus
196 2025 338 2084 relincunt
353 2035 614 2105 mansuescuntque
633 2035 756 2087 tractatu
777 2045 831 2086 ceu
850 2028 949 2103 ierac,
973 2026 1037 2087 dum
1054 2045 1098 2086 ra·

105 2108 160 2167 dici
175 2108 308 2167 avellitur
321 2107 428 2185 planta.

170 2191 252 2269 (13.)
274 2189 311 2249 Et
325 2191 402 2250 aliud
420 2208 512 2268 genus
531 2192 624 2251 simile
644 2201 744 2251 natura
759 2194 928 2253 monstravit
943 2193 1095 2269 avolsique
1107 2202 1140 2256 67

105 2273 256 2334 arboribus
272 2273 402 2333 stolones
413 2276 531 2349 vixere,
554 2291 610 2352 quo
632 2277 660 2333 in
675 2292 785 2352 genere
809 2286 838 2334 et
860 2294 923 2334 cum
941 2293 1033 2352 perna
1048 2294 1099 2334 sua

69 2371 94 2409 ²⁵
104 2357 264 2417 avelluntur
281 2366 449 2436 partemque
466 2357 589 2435 aliquam
604 2377 620 2417 e
636 2360 732 2418 matris
746 2376 863 2437 quoque
879 2375 1005 2436 corpore
1019 2359 1070 2418 aul
1089 2391 1098 2400 -

104 2450 167 2500 runt
183 2458 281 2500 secum
296 2440 436 2501 fimbriato
455 2458 590 2520 corpore.
618 2443 674 2502 boc
685 2442 771 2502 modo
787 2444 949 2520 plantantur
965 2443 1098 2520 punicae,

105 2524 207 2600 coryli,
222 2525 299 2601 mali,
315 2525 405 2602 sorbi,
418 2526 572 2605 mespilae,
596 2526 710 2601 lraxini,
729 2525 775 2585 fici
797 2529 825 2586 iu
841 2526 998 2605 primisque
1013 2527 1096 2585 vites.

105 2617 256 2668 cotoneum
272 2609 310 2668 ita
327 2617 416 2669 satum
432 2608 602 2687 degenerat.
635 2608 681 2669 lix
698 2610 801 2670 eodem
818 2611 961 2669 inventum
978 2619 1023 2669 est
1034 2628 1093 2668 sur·
1107 2619 1142 2673 68

105 2691 187 2751 culos
205 2690 337 2750 abscisos
354 2710 466 2752 serere.
503 2692 560 2752 hoc
580 2695 673 2770 primo
696 2695 793 2770 saepis
814 2710 901 2754 causa
916 2691 1033 2768 iactum,
1053 2711 1097 2752 sa·

68 2787 94 2828 ao
104 2774 197 2848 bucis,
216 2782 340 2833 cotoneo
353 2784 382 2834 et
396 2775 475 2835 rubis
491 2777 633 2854 depactis,
645 2793 712 2836 mox
727 2785 757 2836 et
772 2777 912 2856 culturae,
927 2785 958 2835 ut
969 2777 1097 2854 populis,

104 2858 194 2933 alnis,
217 2857 315 2933 salici,
337 2876 412 2936 quae
428 2861 477 2919 vel
498 2862 616 2921 inverso
634 2860 750 2921 surculo
768 2863 882 2921 seritur.
915 2860 969 2918 iam
989 2860 1044 2919 bae
1059 2858 1099 2917 ibi

43 2968 45 2974 v
104 2942 291 3019 disponuntur
308 2940 356 3000 ubi
373 2942 462 3003 libeat
478 2962 545 3005 esse
562 2962 624 3020 eas,
641 2944 828 3023 quamobrem
848 2944 981 3004 seminari
1002 2960 1098 3001 curam

104 3035 168 3084 aute
188 3025 322 3084 convenit
338 3025 394 3084 dici
412 3044 496 3104 quam
511 3036 675 3088 transeatur
690 3029 725 3088 ad
741 3028 795 3088 alia
813 3046 932 3105 genera.

166 3107 251 3187 (14.)
266 3107 396 3187 Namque
407 3109 442 3169 ad
457 3111 485 3170 ld
500 3112 685 3189 praecipuum
699 3112 768 3188 eligi
785 3113 877 3171 solum
890 3111 990 3186 refert,
1004 3128 1094 3188 quou-
1105 3119 1140 3174 69

68 3194 157 3252 asiam
179 3193 317 3252 nutricem
340 3193 582 3270 indulgentiorem
598 3213 665 3254 esse
681 3213 764 3273 quam
779 3204 898 3255 matrem
918 3212 1007 3272 saepe
1030 3211 1097 3253 con·

102 3277 189 3334 veuit.
214 3277 251 3334 sit
264 3293 335 3353 ergo
349 3279 456 3336 siccum
469 3295 672 3356 sucosumque,
685 3279 793 3356 bipalio
807 3277 965 3352 subactum,
979 3277 1098 3336 advenis

101 3359 244 3436 hospitale
265 3369 294 3419 et
315 3378 399 3438 quam
419 3360 590 3419 simillimum
613 3371 709 3421 terrae
731 3363 759 3420 iu
782 3380 864 3439 quam
880 3358 1098 3421 transferendae

101 3443 171 3514 sint,
197 3451 262 3501 ante
285 3445 377 3503 omnia
394 3443 568 3522 elapidatum
583 3445 775 3522 munitumque
795 3445 831 3504 ad
852 3446 996 3502 incursum
1013 3443 1097 3501 etium
