2422 3840
68 175 127 236 132
371 157 419 234 'o
437 189 532 235 enum
548 187 699 235 suenum

20 342 167 406 milliaris.
196 343 314 400 miretur
328 341 385 400 boc
401 341 521 418 quinon
538 342 699 400 meminerit
715 342 781 419 ipso
796 340 919 400 brumali
929 340 976 400 die
989 340 1072 418 pulc·

63 427 119 484 ium
135 427 162 483 in
179 427 316 483 carnariis
334 424 451 483 llorere.
485 423 560 483 adeo
576 425 645 483 nihil
661 424 807 484 occultum
823 442 891 483 esse
906 433 1006 483 natura
1020 442 1072 484 uo·

64 509 125 582 luit,
144 517 173 566 et
191 509 306 567 serendi
322 509 408 584 igitur
424 509 481 567 hoc
496 506 574 566 dedit
592 509 712 584 siguum.
744 507 825 567 llaec
841 516 887 566 est
900 524 969 567 vera
983 508 1071 567 iuter·

62 594 187 670 prelatio
204 600 371 667 argumenta
388 601 506 651 naturae
526 609 625 650 secum
642 591 793 666 adferens,
816 592 925 669 quippe
948 591 992 650 sic
1014 599 1072 650 ter·

63 693 123 734 ram
140 675 200 751 peti
217 675 319 734 suadet
334 676 531 751 promittitque
548 674 689 751 quandam
701 675 841 734 stercoris
851 675 947 734 vicem
960 683 989 732 et
1001 691 1096 737 con-s

62 767 105 818 tra
120 759 234 834 rigores
253 766 359 817 terram
374 768 510 835 satusque
527 759 635 836 operiri
652 776 667 816 a
683 776 717 817 se
732 759 841 818 nuntiat
864 775 899 817 ac
916 767 1015 817 monet
1028 757 1071 817 fe·

62 844 179 901 stinarc.

19 933 72 990 228
136 926 220 1004 (61.)
241 925 335 985 Varro
353 927 380 984 in
393 925 478 985 labae
493 926 592 1002 utique
607 933 670 984 satu
682 923 757 983 hanc
773 924 1007 985 observationem
1023 944 1072 985 cu-

61 1011 163 1070 stodiri
180 1011 340 1088 praecepit.
376 1010 423 1068 alii
438 1009 526 1087 plena
549 1009 615 1068 luna
637 1008 807 1105 segeudam,
830 1008 936 1068 lentam
959 1026 1032 1068 vero
1055 1025 1073 1068 a

60 1095 199 1153 vicesima
215 1095 312 1171 quinta
330 1091 365 1151 ad
386 1093 574 1166 tricesimam,
598 1092 701 1150 viciam
728 1108 844 1169 quoque
867 1091 970 1151 iisdem
985 1092 1072 1152 lunae
1082 1111 1109 1152 ro

62 1176 175 1237 diebus.
194 1179 233 1236 ita
247 1178 360 1236 demum
374 1179 436 1235 sine
455 1175 604 1235 limacibus
618 1175 694 1234 fore.
724 1175 839 1254 quidam
863 1175 960 1253 pabuli
982 1193 1072 1236 causa

62 1262 105 1319 sic
120 1263 178 1319 seri
196 1260 311 1336 iubent,
332 1262 448 1320 seminis
465 1268 560 1319 autem
578 1277 659 1319 vere.
691 1257 744 1318 Est
765 1267 795 1317 et
815 1259 870 1319 alia
892 1259 1072 1319 manifestior

62 1346 136 1403 ratio
151 1343 328 1404 mirabiliore
343 1355 462 1404 naturae
474 1343 666 1422 providentia,
678 1343 707 1402 in
719 1360 775 1421 qua
787 1339 939 1402 Ciceronis
954 1352 1070 1404 senten·
1142 1341 1145 1345 ’

62 1430 129 1487 tiam
145 1429 236 1506 ipsius
253 1428 351 1488 verbis
367 1427 614 1504 subsignabimus:

82 1511 152 1570 lam
168 1530 259 1571 vero
278 1531 422 1590 semper
437 1511 573 1570 viridis
592 1527 816 1588 semperque
832 1520 986 1588 gravata
1082 1522 1108 1564 1⁶

85 1593 1042 1673 Lentiscustriplicisolitaestgraudescerefetu,

82 1678 1070 1755 Terirugesfundenstriatemporamoustratarandi.

19 1761 123 1826 anona
144 1761 188 1821 his
213 1781 297 1820 unum
323 1761 380 1822 boc
403 1765 457 1821 erit
479 1762 554 1821 idem
577 1771 606 1820 et
627 1761 685 1820 lino
713 1780 748 1821 ac
770 1763 910 1840 papaveri
934 1761 1071 1823 serendo.

63 1845 135 1904 Cato
152 1846 188 1904 de
205 1847 403 1922 papavereita
419 1845 518 1905 tradit:
550 1845 686 1920 Virgae
710 1853 743 1903 et
765 1853 951 1904 sarmenta
977 1863 1072 1924 quae

62 1929 516 2005 tibiusionisupererunt
539 1930 574 1987 iu
595 1936 729 2003 segete
748 1929 972 1989 comburito.
1010 1929 1107 1988 ubiao

62 2028 123 2070 eas
147 2010 420 2086 combusseris,
447 2011 497 2069 ibi
524 2029 689 2089 papaver
717 2014 849 2072 serito.
886 2005 1022 2072 silvestre
1041 2014 1071 2071 in

59 2095 201 2159 mirousu
217 2104 261 2153 est
277 2094 364 2154 melle
389 2096 541 2154 decoctum
562 2095 598 2155 ad
608 2094 734 2155 faucium
753 2096 881 2156 remedia
898 2097 1002 2175 visque
1021 2112 1069 2155 so·

60 2179 182 2238 mnilera
197 2180 282 2238 etiam
298 2181 400 2240 satiro.
431 2178 468 2238 Et
481 2178 619 2239 hactenus
635 2179 673 2239 de
687 2177 807 2238 hiberna
823 2188 963 2240 semente.

18 2272 71 2326 230
140 2263 190 2323 26.
216 2264 300 2344 (62.)
321 2264 429 2323 Verum
441 2272 471 2322 ut
483 2265 591 2342 pariter
604 2264 696 2323 omnis
707 2263 837 2323 culturae
849 2262 992 2340 quoddam
1002 2261 1069 2322 bre·

59 2349 179 2407 riarium
194 2359 361 2426 peragatur,
378 2349 482 2410 eodem
496 2357 627 2426 tempore
646 2347 801 2406 conveniet
816 2346 939 2407 arbores
952 2355 1066 2404 sterco·
1078 2359 1105 2400 ac

60 2449 143 2504 rare,
158 2431 341 2491 adcumulare
353 2434 421 2491 item
433 2435 533 2491 vineas
551 2466 593 2476 —-
610 2430 716 2490 suflicit
729 2431 758 2490 in
768 2433 897 2508 iugerum
908 2445 1008 2507 opera,
1026 2459 1066 2473 ·-

63 2523 102 2588 et,
115 2514 163 2573 ubi
174 2517 299 2591 patietur
312 2515 369 2574 loci
381 2518 466 2590 ratio,
478 2516 593 2575 arbusta
605 2515 746 2574 acvineas
754 2522 868 2592 putare,
882 2512 1067 2575 solumsemi·

59 2599 146 2655 uariis
159 2596 268 2674 bipalio
283 2617 471 2676 praeparare,
484 2599 580 2659 incilia
588 2600 715 2677 aperire,
728 2615 832 2676 aquam
843 2597 880 2659 dc
892 2613 964 2675 agro
974 2595 1068 2675 pelle·

17 2690 120 2755 231re,
130 2680 259 2739 torcular
272 2681 370 2741 lavare
383 2693 412 2741 et
430 2682 602 2742 recondere.
625 2681 796 2742 Akalendis
807 2681 965 2742 Novembr.
984 2679 1069 2758 gulli-

59 2764 104 2822 nis
122 2781 178 2822 ova
195 2762 362 2841 subponere
379 2764 488 2840 nolito,
512 2766 606 2845 donec
627 2765 726 2824 bruma
749 2767 928 2827 conficiatur.
958 2767 1105 2826 incumbo

61 2848 136 2906 diem
152 2848 309 2908 ternadena
325 2848 449 2907 subicito
465 2857 576 2908 aestate
593 2856 665 2922 tota,
681 2847 776 2908 bieme
789 2851 938 2928 pauciora,
956 2866 1014 2909 non
1026 2858 1068 2909 ta·

57 2949 125 2990 meu
141 2931 215 2991 inira
230 2949 352 2991 novena.
380 2931 564 2992 Democritus
576 2932 662 2991 talem
674 2931 797 2992 luturam
808 2933 932 2993 hiemem
947 2932 1069 2992 arbitra·

57 3022 104 3072 tur
120 3014 213 3092 qualis
228 3016 315 3074 luerit
327 3015 445 3075 brumae
461 3016 523 3076 dies
539 3024 568 3074 et
583 3017 661 3074 circa
679 3034 745 3076 cum
758 3017 843 3092 terni,
859 3019 927 3077 item
939 3017 1069 3079 solstitio

58 3106 209 3155 aestatem.
240 3101 318 3157 circa
336 3098 463 3159 brumam
480 3099 630 3177 plerisque
648 3098 692 3158 bis
712 3109 826 3179 septem
837 3100 1011 3176 halcyonum
1024 3100 1068 3160 ie·

57 3189 137 3255 tura,
165 3190 316 3241 ventorum
340 3185 436 3260 quiete
458 3183 597 3244 mollitum
615 3183 737 3243 caelum.
772 3185 825 3245 sed
843 3194 873 3245 et
887 3185 976 3244 iubis
994 3194 1024 3245 et
1039 3184 1105 3244 insu

57 3264 122 3324 aliis
138 3265 267 3325 omnibus
290 3285 328 3325 ex
344 3277 448 3326 eventu
465 3267 702 3345 significationum
716 3268 850 3346 intellegi
865 3269 960 3329 sidera
977 3268 1068 3329 debc-

57 3348 141 3490 bupt,
158 3367 215 3448 non
231 3349 267 3409 ad
285 3350 347 3410 dies
362 3353 460 3429 utique
481 3352 651 3431 praefinitos
672 3355 839 3433 exspectari
861 3361 1068 3432 tempestatum

55 3449 90 3489 va
109 3452 225 3495 rmoma.
