2422 3840
297 202 376 250 nnn.
391 201 481 250 n1sr.
495 203 567 250 xm.
585 199 705 253 32-34.
725 185 875 272 (ac—62.)
1052 188 1092 250 27

88 361 169 422 tenui
184 359 255 419 folio
271 357 412 434 brevique
429 365 458 416 et
468 356 573 416 virenti
589 373 706 433 semper
720 358 860 416 vestiens.
887 355 952 415 Duo
965 373 1076 433 genera
1086 365 1133 419 141

91 462 206 504 earum:
222 443 342 502 meta'in
357 441 501 516 fastigium
519 440 689 515 convoluta,
706 457 781 517 quac
797 449 825 498 et
840 440 946 499 femina
962 439 1092 517 appella-

91 538 146 587 tur.
173 545 234 586 mas
252 517 363 603 spargit
379 533 462 584 extra
480 542 513 583 se
531 540 628 583 ramos
642 523 855 602 deputaturque
877 532 907 582 et
929 524 1036 600 accipit
1051 523 1092 581 vi-

91 620 158 670 tem.
171 619 292 688 utraque
301 617 394 668 autern
403 608 551 667 inmittitur
562 607 726 685 inpertitus
734 624 890 666 asseresve
899 607 1093 686 amputatione

65 711 244 768 eramorum,
263 693 311 769 qui
326 705 402 751 xm.
420 707 494 750 anno
510 690 636 751 denariis
652 691 772 767 singulis
784 700 921 765 veneunt,
938 700 1093 768 quaestuo-

91 779 203 838 sissima
218 778 247 835 in
268 784 347 835 satus
369 775 480 834 ratione
496 775 585 847 silva,
604 775 754 850 volgoque
777 775 873 834 dotem
891 774 968 833 filiae
986 775 1093 851 antiqui

91 861 231 939 plantaria
246 858 441 937 appellabant.
474 857 547 917 Huic
570 859 662 935 patria
682 857 774 917 insula
791 854 896 931 Creta,
922 875 1091 934 quamquam

92 944 164 1005 Cato
181 941 364 1003 Tarentinam
380 959 443 1000 eam
462 942 608 1019 appellat,
630 941 737 1015 credo,
757 942 835 1020 quod
852 942 973 1018 primurn
989 957 1026 1000 eo
1042 959 1093 999 ue·

91 1028 176 1087 nerit.
192 1035 221 1086 et
244 1027 273 1085 in
288 1025 422 1085 Aenaria
435 1027 549 1084 succisa
564 1025 750 1102 regerminat.
781 1025 835 1084 sed
856 1025 884 1082 in
901 1021 988 1083 Creta
1006 1034 1135 1101 quo-142

56 1127 214 1190 iocumque
234 1111 263 1168 in
285 1110 352 1169 loco
377 1117 483 1169 terram
504 1111 626 1168 moverit
643 1109 801 1187 quispiam,
826 1109 855 1167 vi
876 1107 997 1167 naturali
1020 1108 1095 1168 haec

92 1195 216 1272 gignitur
223 1195 414 1272 protinusque
429 1193 544 1267 emicat,
560 1193 609 1252 illa
620 1209 691 1252 vero
705 1193 789 1252 etiam
798 1209 856 1251 non
869 1191 1017 1270 appellato
1027 1192 1092 1251 solo

92 1297 127 1339 ac
141 1287 245 1356 sponte
260 1294 452 1355 maxumeque
468 1278 497 1336 in
511 1275 607 1336 idaeis
628 1276 771 1335 montibus
788 1285 817 1335 et
840 1293 914 1354 quos
930 1275 1025 1335 Albos
1042 1292 1093 1335 vo·

92 1371 157 1422 cant
173 1362 347 1437 summisque
362 1361 390 1418 in
403 1361 458 1434 his,
474 1361 549 1420 unde
561 1377 710 1437 numquam
726 1361 808 1418 nives
825 1359 939 1433 absunt,
953 1358 1093 1436 pluruma,

92 1445 169 1522 quod
181 1446 325 1519 miremur,
335 1442 404 1503 alibi
420 1444 546 1501 nonnisi
561 1445 589 1501 in
601 1453 704 1520 tepore
720 1444 897 1520 proveniens
913 1451 942 1501 et
954 1443 1095 1501 nutricem

56 1553 82 1594 15
90 1546 195 1606 magno
210 1544 303 1605 opere
318 1525 478 1585 fastidiens.

156 1611 240 1689 (61.)
271 1608 335 1668 Nec
358 1617 454 1667 terrae
483 1617 588 1668 tantum
611 1617 711 1667 natura
733 1610 810 1669 circa
839 1608 891 1668 lias
913 1607 1006 1667 reiert
1027 1616 1074 1665 aut
1087 1615 1138 1670 143

90 1703 233 1774 perpetua
254 1692 345 1767 caeli,
368 1710 468 1752 verum
483 1701 512 1752 et
524 1692 664 1769 quaedam
686 1693 862 1770 temporaria
885 1693 930 1750 vis
953 1689 1094 1750 imbrium.

92 1795 184 1856 aquae
200 1777 371 1854 plerumque
386 1777 495 1836 semina
514 1776 656 1851 adierunt,
674 1785 703 1835 et
714 1785 796 1835 certe
812 1775 901 1835 iluunt
916 1793 1028 1852 genere
1044 1774 1094 1834 ali·

92 1862 206 1939 quando
221 1862 306 1921 etiarn
318 1861 476 1938 incognito,
491 1859 568 1940 quod
582 1858 687 1919 accidit
701 1858 881 1935 Cyrenaicae
893 1859 1017 1936 regioni,
1032 1875 1094 1918 cum

55 1970 82 2012 20
92 1946 211 2023 primum
225 1944 264 2004 ibi
280 1945 465 2022 laserpicium
479 1954 575 2003 natum
589 1953 643 2019 est,
661 1952 691 2002 ut
707 1945 735 2002 in
750 1944 904 2004 herbarum
920 1952 1021 2002 natura
1035 1942 1075 2001 di·
1086 1965 1135 1999 inni

92 2047 199 2088 cemus.
231 2037 296 2088 nata
314 2037 359 2088 est
378 2037 407 2087 et
426 2029 497 2088 silva
513 2028 577 2087 urbi
593 2030 620 2087 ei
635 2045 776 2105 proxuma
796 2027 889 2089 imbre
911 2029 998 2107 picco
1015 2043 1092 2085 cras·
1166 2060 1178 2093 χ

91 2128 183 2190 eoque
200 2111 317 2170 circiter
333 2110 412 2170 urbis
427 2110 537 2170 Romae
556 2129 657 2170 annum
672 2123 842 2172 ccccxxx.

155 2193 205 2254 34.
227 2192 310 2272 (62.)
341 2192 456 2253 Hedera
471 2194 527 2251 iam
542 2193 644 2252 dicitur
660 2196 688 2252 in
704 2193 774 2253 Asia
790 2196 880 2255 nasci.
913 2205 1073 2272 negaverat
1086 2205 1138 2258 144

92 2275 321 2353 Theophrastus,
336 2294 392 2334 nec
407 2276 435 2334 in
451 2274 530 2335 India
545 2276 599 2334 nisi
612 2278 641 2335 in
655 2285 752 2335 monte
771 2276 864 2352 llero,
895 2281 965 2356 quin
981 2288 1011 2336 et
1022 2277 1093 2337 Har·

53 2359 187 2438 arpalum
204 2360 380 2420 omnimodo
395 2359 548 2419 laborasse
566 2368 597 2418 ut
612 2368 726 2419 sereret
741 2377 804 2419 earn
822 2362 851 2419 in
867 2359 961 2421 lledis
975 2361 1094 2436 frustra,

92 2441 286 2503 Alexandrum
301 2460 372 2504 vero
387 2443 424 2504 ob
435 2445 581 2503 raritatem
597 2445 635 2503 ita
651 2452 790 2503 coronato
804 2446 936 2504 exercitu
951 2444 1092 2504 victorem

91 2545 129 2585 ex
150 2525 230 2586 ludia
252 2527 376 2587 rediisse
400 2527 536 2606 exemplo
558 2527 655 2588 Liberi
676 2529 782 2605 patris,
809 2529 890 2587 cuius
912 2528 959 2588 dei
976 2537 1006 2588 et
1019 2545 1094 2587 nunc

91 2609 210 2668 adornat
225 2609 341 2683 thyrsos
355 2612 516 2691 galeasque
532 2614 618 2671 etiam
634 2630 669 2671 ac
683 2621 764 2672 scuta
779 2612 807 2670 in
820 2610 962 2673 Thraciae
977 2611 1094 2691 populis

92 2690 280 2750 sollemnibus
296 2696 404 2770 sacris,
428 2697 540 2755 inimica
558 2696 655 2756 arbori
677 2697 807 2773 satisque
823 2696 972 2772 omnibus,
994 2696 1092 2774 sepul·

54 2802 81 2843 30
92 2775 172 2848 chra,
184 2791 281 2834 muros
295 2794 442 2856 rumpens,
457 2781 634 2857 serpentium
646 2780 749 2857 frigori
760 2781 935 2857 gratissima,
947 2791 977 2840 ut
992 2782 1093 2838 mirum

91 2860 128 2918 sit
140 2858 376 2919 ullumhorrorem
387 2861 512 2923 habitum
525 2865 562 2922 ei.
583 2864 648 2923 Duo
661 2880 771 2940 genera
784 2865 848 2923 eius
861 2866 951 2943 prima
962 2873 992 2922 ut
1004 2862 1072 2922 reli·
1085 2872 1135 2925 145

92 2960 220 3022 quarum,
238 2959 299 3001 mas
315 2952 401 3022 atque
417 2947 531 3007 femina.
561 2949 653 3008 maior
667 2946 787 3006 traditur
800 2965 861 3007 mas
878 2956 907 3006 et
924 2963 1051 3025 corpore
1064 2955 1092 3006 et

91 3027 162 3087 iolio
177 3026 295 3086 duriore
312 3029 395 3087 etiam
410 3046 444 3088 ac
460 3031 613 3107 pinguiore
636 3039 665 3090 et
686 3030 760 3092 ilore
781 3031 817 3091 ad
835 3048 990 3109 purpuram
1006 3048 1091 3090 acce·

92 3111 187 3171 dente.
219 3111 370 3189 utriusque
387 3121 480 3171 autem
494 3114 593 3172 similis
612 3122 656 3173 est
672 3130 759 3174 rosae
775 3115 920 3191 silvestri,
942 3115 996 3173 nisi
1015 3113 1092 3194 quod

55 3222 81 3264 μ
92 3202 172 3254 caret
189 3193 292 3253 odore.
320 3196 438 3272 species
452 3195 552 3254 horum
569 3214 707 3273 generum
722 3207 792 3257 tres.
825 3207 870 3258 est
884 3200 958 3258 enim
971 3198 1090 3258 candida

92 3286 138 3337 aut
158 3278 239 3354 nigra
266 3277 376 3338 hedera
393 3279 537 3356 tertiaque
555 3297 630 3358 quae
645 3289 767 3340 uocatur
781 3280 871 3340 helix.
910 3282 1070 3342 Etiamnum
1083 3286 1133 3341 146

60 3408 65 3413 .
91 3360 146 3419 hae
165 3362 283 3438 species
305 3361 468 3422 dividuntur
491 3365 519 3421 in
537 3364 627 3439 alias,
655 3366 788 3443 quoniam
810 3373 855 3424 est
879 3365 975 3443 aliqua
996 3363 1090 3421 iructu

90 3451 197 3502 tanturn
214 3444 353 3522 candida,
375 3446 431 3506 alia
452 3456 481 3506 et
496 3447 586 3523 lolio,
608 3447 732 3508 fructum
747 3464 865 3526 quoque
881 3446 1031 3507 candidum
1047 3444 1090 3504 ie·
1126 3467 1134 3475 ·
