2422 3840
308 190 388 238 uer.
406 189 496 238 urar.
512 191 583 238 xv1.
596 188 716 243 36-38.
737 181 890 259 (conta.)
1050 179 1089 239 33

158 344 243 422 (70.)
272 341 335 402 Nec
351 344 378 401 in
392 343 523 403 fruticum
538 362 594 404 nec
610 345 639 403 in
653 346 784 424 veprium
799 345 959 406 cauliumve
973 363 1069 424 neque
1083 353 1133 410 178

95 428 124 486 in
141 427 294 486 herbarum
310 435 358 486 aut
374 425 431 486 alio
449 426 509 486 ullo
528 445 612 506 quam
633 445 684 487 suo
706 447 816 505 genere
832 438 1015 489 numerentur
1030 431 1091 488 iure

85 511 185 588 ,scirpi
202 509 323 587 fragiles
340 509 544 588 palustresque
560 510 732 588 ettegulum
743 520 932 589 tegetesque,
952 531 968 571 e
988 513 1090 590 quibus

96 594 228 653 detracto
255 594 366 652 cortice
393 592 533 653 candelae
553 594 704 654 luminibus
731 605 761 655 et
781 595 929 654 funeribus
951 597 1088 654 serviunt.

70 675 217 744 ellirmior
232 675 401 754 quibusdam
418 676 447 734 in
467 675 541 736 locis
557 694 656 737 eorum
679 679 768 755 rigor.
801 695 923 756 namque
943 680 977 738 iis
998 679 1090 738 velifi-

96 769 162 820 cant
181 775 239 818 non
259 760 288 818 in
309 758 387 823 Pado
408 767 513 820 tantum
528 762 646 838 nautici,
663 779 763 820 verum
780 771 809 821 et
827 762 856 820 in
869 762 940 821 mari
963 764 1092 840 piscator

95 843 212 903 Africus
228 851 422 920 praepostero
436 860 517 903 more
540 845 607 905 uela
632 847 704 904 intra
725 845 817 905 malos
838 845 1031 923 suspendens.
1063 853 1091 904 et

95 926 218 1006 mapalia
239 943 291 986 sua
312 923 403 985 Mauri
422 936 536 1003 tegunt,
565 944 764 1007 proxumeque
792 929 950 988 aestimanti
971 928 1028 989 boc
1049 929 1090 987 vi·

96 1011 216 1072 deantur
232 1027 299 1070 esse
316 1009 394 1087 quod
408 1011 436 1069 in
451 1012 589 1072 interiore
603 1021 686 1090 parte
701 1013 796 1071 mundi
811 1029 962 1091 papyrum.

60 1120 88 1161 10
157 1094 242 1174 (71.)
272 1093 323 1153 Sui
337 1093 390 1152 sed
405 1092 555 1154 frutectosi
569 1097 687 1172 generis
704 1105 769 1155 suut
789 1097 864 1155 inter
879 1096 1027 1173 aquaticas
1042 1102 1134 1159 et179

95 1179 159 1239 rubi
179 1187 265 1257 atque
289 1176 388 1238 sabuci
410 1178 526 1254 fungosi
545 1181 680 1254 generis,
702 1179 786 1240 aliter
802 1190 897 1240 tamen
915 1197 998 1257 quam
1013 1179 1090 1238 feru-

96 1264 159 1338 lae,
177 1263 285 1341 quippe
302 1261 368 1339 plus
384 1260 452 1338 ligni
469 1263 568 1340 utique
584 1262 709 1343 sabuco,
727 1282 765 1324 ex
779 1281 835 1342 qua
850 1265 940 1339 magis
957 1278 1091 1322 canoram

95 1346 227 1407 bucinam
242 1344 397 1422 tubamque
415 1343 508 1404 credit
524 1355 624 1422 pastor
639 1346 679 1405 ibi
695 1364 782 1407 caesa
799 1346 848 1405 ubi
865 1346 1007 1422 gallorum
1025 1363 1090 1405 can·

95 1439 154 1490 tuna
168 1428 264 1489 frutex
275 1427 324 1487 ille
335 1444 392 1487 uon
404 1427 549 1487 exaudiat.
571 1427 646 1489 Rubi
656 1446 736 1489 mora
748 1430 842 1488 ferunt
854 1438 882 1487 et
895 1429 951 1488 alio
963 1446 1074 1505 genere
1083 1437 1135 1491 180

60 1512 308 1575 insimilitudinum
330 1527 416 1569 rosae
438 1511 486 1586 qui
506 1520 627 1571 vocatur
649 1511 835 1587 cynosbatos.
864 1513 978 1570 tertium
999 1529 1090 1588 genus

13 1614 21 1623 ·
95 1596 213 1657 Idaeum
227 1602 333 1654 vocant
348 1590 452 1652 Graeci
469 1609 486 1652 a
503 1593 582 1653 loco.
616 1596 731 1654 tenuior
752 1603 797 1653 est
821 1611 905 1672 quam
926 1597 1090 1654 ceterami·
1203 1627 1205 1632 ·

95 1678 273 1755 nuribusque
291 1677 381 1755 spinis
396 1685 426 1735 et
439 1677 531 1736 miuus
545 1676 673 1738 aduncis.
704 1678 760 1738 dos
775 1678 837 1737 eius
855 1687 954 1738 contra
975 1678 1090 1756 lippitu-

96 1764 180 1824 dines
194 1762 319 1822 inlinitur
332 1778 369 1820 ex
377 1759 464 1820 melle
478 1769 506 1820 et
521 1762 580 1838 igni
588 1778 683 1822 sacro.
708 1770 809 1822 contra
820 1761 961 1820 stomachi
974 1777 1090 1840 quoque

95 1847 163 1906 vitia
177 1844 284 1906 bibitur
299 1862 337 1904 ex
353 1861 436 1922 aqua.
468 1844 575 1904 Sabuci
588 1847 686 1906 acinos
698 1844 805 1905 habent
816 1846 915 1922 nigros
927 1853 1014 1922 atque
1026 1862 1090 1923 par·

58 1947 86 1989 oo
98 1947 151 1990 vos
165 1931 272 1989 umoris
289 1928 368 2003 lenti,
385 1927 538 1988 inliciendo
556 1946 686 1988 maxume
705 1929 824 2008 capillo,
841 1929 890 2007 qui
906 1938 934 1989 et
948 1929 1004 2007 ipsi
1018 1945 1091 2005 aqua

95 2013 211 2073 decocti
226 2012 404 2072 manduntur.

160 2096 210 2157 38.
235 2094 319 2171 (72.)
349 2093 440 2152 Umor
460 2103 489 2153 et
512 2095 613 2154 cortici
636 2095 769 2155 arborum
793 2105 854 2171 est,
879 2096 926 2174 qui
954 2095 1071 2171 sanguis
1083 2101 1131 2155 181

96 2195 195 2239 earum
209 2176 339 2251 intellegi
355 2174 461 2250 debet,
483 2175 637 2236 nunidem
660 2176 806 2237 omnibus:
838 2177 900 2237 ficis
921 2177 1034 2238 lactens
1049 2210 1091 2220 —

96 2261 164 2320 huic
178 2259 214 2319 ad
231 2275 335 2318 caseos
351 2256 517 2334 figurandos
537 2259 653 2334 coaguli
673 2260 718 2318 vis
733 2293 785 2335 -.‚
803 2260 914 2320 cerasis
938 2261 1090 2319 cummino·

58 2365 86 2406 oc
97 2362 158 2419 sus,
178 2342 262 2402 ulmis
280 2341 435 2417 saliuosus,
452 2341 546 2401 lentus
563 2359 598 2402 ac
613 2343 725 2420 pinguis
742 2343 835 2418 malis,
850 2341 955 2402 vitibus
971 2359 1007 2401 ac
1022 2342 1091 2419 piris

13 2481 19 2485 .
97 2443 234 2506 aquosus.
264 2425 412 2487 vivaciora
436 2425 539 2504 quibus
561 2425 677 2485 lentior.
711 2434 797 2504 atque
818 2428 846 2485 in
868 2435 958 2485 totum
975 2425 1092 2502 corpori

17 2558 26 2563 -
97 2509 231 2573 arborum
247 2517 278 2571 ut
292 2511 469 2588 reliquorum
482 2509 642 2569 animalium
659 2509 743 2585 cutis,
759 2511 887 2587 sanguis,
905 2526 985 2585 caro,
997 2508 1090 2583 nervi,

96 2613 200 2670 venae,
217 2612 297 2670 ossa,
314 2593 468 2653 medullae.
495 2611 549 2671 pro
566 2601 633 2652 cute
648 2601 758 2653 cortex.
785 2595 894 2670 mirum,
912 2593 936 2652 is
951 2593 980 2652 in
994 2607 1076 2651 muro
1085 2600 1134 2655 182

96 2677 217 2737 medicis
232 2694 332 2736 sucum
352 2675 557 2754 quaerentibus
577 2695 648 2736 vere
671 2676 743 2736 bora
764 2675 821 2736 diei
843 2677 970 2737 secunda
995 2676 1091 2754 lapide

60 2762 229 2824 aoiucussus
245 2768 350 2837 manat,
369 2759 453 2833 altius
464 2760 571 2820 fractus
586 2761 683 2819 siccus
697 2761 820 2821 videtur.
844 2761 976 2838 proxumi
988 2759 1091 2838 pleris-

98 2863 155 2923 que
171 2844 281 2923 adipes.
298 2843 327 2903 bi
338 2852 478 2903 vocantur
490 2861 506 2902 a
520 2843 620 2903 colore
632 2843 791 2920 alburnum,
802 2843 900 2905 mollis
909 2862 944 2902 ac
957 2858 1091 2921 pessuma

97 2945 166 3007 pars
177 2927 257 3005 ligni,
270 2927 355 2988 ctiam
366 2927 395 2985 in
408 2926 517 2987 robore
528 2926 615 2987 facile
628 2935 811 3005 putrescens,
824 2927 945 2988 teredini
954 2925 1090 3001 obnoxia,

98 3027 188 3088 quare
203 3028 320 3090 semper
337 3009 537 3088 amputabitur.
563 3010 830 3087 subestbuiccaro,
848 3011 893 3071 cui
909 3027 987 3085 ussa,
1004 3009 1091 3069 idest

96 3094 234 3154 materiae
250 3102 404 3173 optumum.
429 3092 579 3153 Alteruant
593 3093 704 3154 fructus
717 3094 820 3172 quibus
834 3094 940 3154 siccius
953 3093 1133 3170 lignum,183

61 3185 129 3238 erut
149 3176 231 3253 olea,
258 3176 349 3254 magis
372 3192 456 3255 quam
480 3175 582 3253 quibus
610 3194 778 3253 carnosum,
807 3188 838 3238 ut
862 3195 991 3238 cerasus.
1035 3194 1091 3236 nec

99 3260 229 3320 omnibus
243 3261 346 3338 adipes
365 3276 505 3320 carnesve
521 3259 637 3336 largae,
662 3261 746 3321 sicuti
762 3279 817 3321 nec
833 3261 992 3322 animalium
1008 3277 1089 3319 acer·

96 3343 184 3403 rimis.
213 3353 345 3404 neutrum
366 3343 473 3403 babent
486 3342 596 3416 buxus,
614 3359 736 3420 cornus,
759 3345 841 3419 olea,
865 3363 920 3404 nec
937 3342 1090 3401 medullam

96 3425 305 3505 minumumque
320 3427 405 3487 etiam
419 3424 581 3503 sanguinis,
598 3427 682 3486 sicuti
704 3444 771 3488 ossa
786 3443 844 3486 non
864 3425 971 3486 babent
989 3423 1088 3498 sorba,

138 3529 206 3571 auru.
220 3530 283 3570 nur.
297 3531 365 3573 nrsr.
383 3515 426 3571 lll.
909 3508 927 3568 3
