2422 3840
271 204 352 251 nau.
367 203 458 252 aaran.
474 200 587 253 xv1111.
602 203 688 257 5-6.
706 193 858 273 (ao-33.)
1010 195 1067 256 173

67 359 180 419 caulem
198 359 311 418 mittunt
327 367 357 418 et
371 375 488 432 semen,
500 359 843 437 ipsaequeevanescunt.
888 359 942 422 Est
956 371 984 421 et
1002 379 1055 425 eoa
1063 374 1111 427 104

67 444 159 503 lorum
172 442 344 502 differentia.
365 443 393 501 in
404 441 469 501 lsso
483 443 602 501 enimet
616 443 754 504 Sardibus
767 444 985 506 candidissimae
1000 463 1067 525 pro·

68 528 194 585 veniunt.
225 535 290 586 sunt
312 527 340 585 in
360 525 472 585 honore
494 534 523 584 et
538 523 692 602 Creticae,
716 527 871 605 dequibus
887 527 1015 590 dubitant
1031 549 1067 601 an

68 610 189 669 eaedem
213 610 268 669 sint
289 627 364 687 quae
379 609 571 685 Ascaloniae,
593 612 728 686 quoniam
748 612 819 670 satis
839 614 935 691 capita
953 632 1066 674 crasse·

41 702 161 767 escunt,
178 692 319 772 depositis
335 692 425 752 caulis
440 701 469 752 et
484 709 592 753 semen.
617 693 722 753 distant
738 710 844 770 sapore
859 704 965 755 tantum
979 697 1066 758 dulci.

66 776 153 854 Apud
172 793 226 836 nos
247 777 303 837 dun
326 777 418 855 prima
436 794 560 853 genera:
583 795 669 836 unum
686 776 945 853 condimentariae,
964 793 1109 857 quam105

65 860 108 920 illi
123 860 263 938 gethyon,
279 861 370 919 nostri
385 859 564 938 pallacanam
579 869 695 937 vocant,
711 861 817 920 seritur
832 861 978 922 mensibus
991 861 1065 923 blar-

64 946 121 1019 tio,
144 944 255 1022 Aprili,
272 942 359 1019 blaio,
377 944 498 1004 alterum
513 944 658 1023 capitatae
674 962 749 1022 quae
765 943 801 1006 ab
817 947 1001 1023 aequinoctio
1018 962 1067 1006 au·

64 1028 152 1087 tumui
167 1028 215 1087 vel
227 1047 243 1088 a
254 1028 381 1088 favonio.
400 1045 510 1104 genera
522 1029 584 1087 eius
598 1029 774 1088 austeritatis
787 1029 903 1089 ordine:
918 1028 1066 1106 Africana,

29 1110 195 1187 roGallica,
219 1111 399 1186 Tusculana,
423 1110 596 1188 Ascalonia,
617 1110 811 1189 Amiternina,
838 1121 954 1190 optuma
973 1122 1067 1173 antem

65 1212 140 1273 quae
166 1195 378 1255 rotundissima.
410 1196 478 1254 item
501 1195 566 1255 rufa
591 1196 688 1257 acrior
711 1215 795 1274 qnam
824 1196 959 1271 candida,
988 1199 1068 1258 sicca

65 1296 149 1356 quam
164 1279 275 1354 viridis,
291 1288 321 1338 et
336 1277 424 1338 cruda
440 1296 524 1355 quarn
538 1287 635 1357 cocta,
650 1280 729 1340 sicca
742 1298 826 1359 quarn
837 1280 960 1340 condita.
993 1282 1109 1344 Se·106

63 1364 135 1422 ritur
149 1360 327 1422 Amiternina
344 1361 456 1439 frigidis
472 1371 501 1422 et
516 1362 619 1422 umidis
635 1362 719 1439 locis,
736 1373 766 1423 et
780 1364 843 1423 sola
858 1364 896 1424 ali
914 1365 999 1424 modo
1019 1383 1065 1424 ca·

64 1447 140 1525 pite,
164 1444 296 1522 reliquae
317 1447 437 1504 semine.
467 1463 609 1523 proxuma
625 1463 700 1523 quae
717 1456 827 1507 aestate
842 1446 949 1506 nullum
965 1465 1066 1508 semen

28 1560 54 1600 15
64 1530 210 1604 emittunt,
235 1528 289 1589 sed
310 1537 397 1608 caput
417 1536 524 1589 tantum
547 1529 624 1606 quod
644 1530 792 1589 inarescit.
823 1531 957 1607 sequenti
973 1540 1067 1590 autem

64 1629 138 1672 anno
155 1620 317 1691 permutata
332 1614 445 1672 ratione
461 1629 561 1672 semen
577 1613 713 1689 gignitur,
731 1621 817 1692 caput
832 1613 926 1692 ipsum
940 1630 1066 1672 corrum-

64 1698 149 1775 pitur.
180 1713 252 1773 ergo
275 1697 405 1775 omnibns
425 1697 506 1756 annis
522 1697 678 1774 separatim
693 1715 792 1757 semen
809 1713 901 1774 cepae
918 1714 1004 1757 causa
1020 1714 1066 1755 se·

63 1781 151 1856 uitur,
174 1782 331 1859 separatim
353 1797 447 1858 cepae
467 1780 593 1839 seminis.
620 1790 772 1842 servantur
793 1790 888 1841 autem
907 1790 1023 1859 optume
1039 1780 1067 1838 in

64 1863 167 1942 paleis.
201 1863 338 1940 gethyum
353 1882 447 1943 paene
464 1865 525 1923 sine
541 1865 637 1942 capite
652 1874 711 1945 est,
727 1865 852 1931 cervicis
866 1872 971 1923 tantum
985 1864 1108 1926 lon-107

25 1965 119 2024 angae
134 1957 163 2008 et
177 1948 244 2008 ideo
259 1958 349 2008 totum
364 1949 392 2007 in
406 1949 521 2024 fronde,
538 1948 714 2027 saepiusque
728 1957 880 2009 resecatur
895 1956 925 2007 ut
938 1964 1065 2026 porrum.

62 2033 129 2091 iden
154 2040 184 2090 ct
204 2031 274 2091 illud
295 2041 410 2110 serunt,
435 2050 493 2092 non
514 2032 671 2110 deponunt.
701 2042 801 2092 cetero
817 2049 907 2110 cepas
922 2040 967 2090 ter
982 2032 1065 2091 iosso

62 2116 122 2174 seri
145 2113 243 2174 iubent
267 2116 434 2193 exstirpatis
459 2115 604 2176 radicibus
621 2115 790 2189 herbarum,
814 2117 842 2173 in
858 2117 959 2190 iugera
975 2115 1065 2174 denas

61 2197 164 2272 libras,
181 2199 373 2258 intermisceri
384 2199 549 2272 satureiam,
565 2200 699 2276 quoniam
709 2198 811 2256 melius
822 2199 984 2275 proveniet,
1000 2215 1065 2255 run-

64 2282 124 2340 cari
141 2288 296 2358 praeterea
314 2290 343 2340 et
356 2281 451 2358 sariri,
467 2282 491 2341 si
507 2298 565 2340 non
579 2281 708 2358 saepius,
725 2289 848 2358 quaten·
881 2279 1066 2339 Ascaloniam

26 2383 164 2434 25mense
181 2363 340 2425 Februario
364 2374 462 2426 serunt
483 2365 585 2424 nostri.
615 2381 715 2423 semen
737 2381 874 2441 ceparum
895 2363 1066 2439 nigrescere

63 2449 205 2527 iucipiens
221 2459 374 2527 antequam
392 2457 574 2510 marcescant
588 2456 707 2507 metunt.

125 2532 210 2611 (33.)
240 2535 281 2593 Et
307 2533 344 2592 de
367 2550 456 2612 porro
477 2536 503 2592 in
526 2531 582 2592 lrac
607 2531 780 2607 cognatione
802 2529 858 2589 dici
883 2530 1110 2605 conveniat,108

62 2617 237 2694 praesertim
260 2634 322 2676 cum
344 2618 456 2676 sectivo
478 2617 680 2675 auctoritatem
696 2632 789 2692 nuper
806 2614 912 2673 lecerit
929 2615 1067 2692 princeps

63 2698 143 2758 Nero
165 2699 248 2758 vocis
268 2701 359 2776 gratia
383 2717 421 2758 ex
441 2699 510 2759 oleo
529 2699 611 2758 statis
627 2717 756 2758 mensum
771 2698 894 2757 omnium
908 2697 1010 2758 diebus
1026 2699 1067 2755 ni·

25 2782 162 2860 aohilque
189 2782 266 2842 aliud
291 2802 325 2843 ac
346 2802 382 2843 ne
405 2801 479 2862 pane
502 2783 618 2861 quidem
640 2782 798 2843 vescendo.
830 2783 935 2843 seritur
958 2782 1067 2842 semine

63 2867 99 2928 ab
123 2867 309 2944 aequinoctio
326 2877 474 2944 autnnrno,
498 2869 523 2926 si
540 2868 682 2926 sectivum
698 2867 799 2926 facere
815 2864 913 2942 libuit,
937 2867 1064 2927 densius.

62 2953 90 3010 in
112 2950 212 3010 eadem
232 2969 299 3012 area
312 2960 445 3027 secatur,
466 2952 562 3013 donec
580 2951 711 3025 deficiat,
733 2959 970 3028 stercoraturque
991 2967 1064 3010 sem-

63 3053 127 3112 per.
159 3035 184 3092 si
198 3036 319 3095 nutritur
334 3036 362 3093 in
376 3037 488 3113 capita,
511 3044 664 3112 antequam
679 3043 814 3109 secetur,
832 3052 894 3094 cum
910 3034 1041 3108 increvit,
1057 3042 1107 3096 109

63 3121 93 3177 in
112 3117 196 3178 aliam
219 3136 315 3178 arcam
339 3118 512 3178 transfertur
528 3119 644 3178 summis
662 3118 740 3179 foliis
759 3118 866 3178 leviter
880 3119 984 3178 recisis
999 3126 1064 3176 ante

24 3201 216 3264 asmedullam
240 3210 269 3261 et
292 3201 433 3281 capitibus
454 3204 589 3263 retractis
610 3203 750 3262 tunicisve
767 3203 915 3262 extremis.
957 3199 1064 3277 antiqui

63 3285 146 3345 silice
161 3286 208 3346 vel
224 3295 299 3347 testa
313 3286 445 3347 subiecta
461 3287 558 3365 capita
576 3285 732 3345 dilatabant
746 3321 789 3331 —
805 3286 863 3347 hoc
878 3288 944 3345 item
959 3285 987 3342 in
1001 3280 1064 3341 bul·

62 3367 109 3427 bis
121 3399 173 3444 -,
191 3387 267 3430 nune
283 3371 399 3431 sarculo
416 3371 522 3430 leviter
537 3367 738 3430 convelluntur
752 3369 883 3445 radices,
907 3377 937 3427 ut
955 3366 1062 3426 deluun-

64 3451 512 3533 bataealantnequedistrahant.
529 3453 644 3532 insigne
652 3453 748 3534 qnod,
759 3451 1131 3518 cnmumnuasnnqxenu
