2422 3840
303 202 384 250 nau.
402 201 493 250 msc.
511 202 583 250 xx1.
602 199 722 256 17—18.
741 192 894 270 (on-to.)
1045 192 1106 255 253

159 358 208 420 18.
234 358 316 437 (69.)
345 356 454 417 Similia
470 357 613 436 praecipit
628 367 657 416 et
674 357 710 416 de
727 358 812 416 iunco
833 375 917 434 quem
932 359 1085 420 mariscum
1097 374 1151 427 112

95 442 261 523 appellant,
289 441 325 502 ad
347 441 489 501 texendas
508 449 625 517 tegetes
647 449 676 499 et
691 441 784 520 ipsum
800 439 881 500 lunio
902 460 1003 503 mense
1021 447 1107 505 eximi

95 528 131 589 ad
152 526 252 587 lulium
273 525 397 586 medium
420 526 621 604 praecipiens,
652 533 751 584 cetera
775 525 811 585 de
839 526 977 586 siccando
1005 529 1108 588 eadem

95 629 170 692 quac
192 612 228 671 dc
249 611 316 670 ulva
337 627 390 669 suo
410 609 478 669 loco
498 608 630 668 diximus.
675 607 806 667 Alterum
831 627 924 685 genus
953 613 1102 673 iuncorum
1116 635 1149 671 ιιι

73 697 165 757 siacit
181 695 258 774 quod
274 694 411 754 marinum
427 701 456 752 et
471 710 487 752 a
500 691 621 753 Graecis
639 692 851 767 oxyschoenon
867 696 967 754 vocari
979 697 1105 755 invenio.

93 782 148 839 tria
163 796 274 857 genera
287 779 364 837 eius:
380 777 473 852 acuti,
487 776 612 851 sterilis,
627 794 712 854 quem
728 793 837 835 marem
854 785 883 834 et
899 793 986 851 oxvm
1002 778 1107 839 Graeci

92 872 215 938 vocant,
242 863 355 939 reliqua
369 861 498 921 feminini
513 860 634 921 ferentis
651 877 752 919 semen
766 860 878 935 nigrum
894 878 979 938 quem
998 863 1106 923 melan-

93 949 200 1007 cranim
216 955 331 1005 vocant.
363 946 507 1005 crasssior
520 944 566 1004 hic
583 953 612 1004 et
628 944 808 1019 fruticosior,
825 945 978 1023 magisque
991 947 1089 1006 etlam·
1100 960 1151 1012 113

91 1049 158 1091 num
180 1032 282 1090 tertius
305 1031 354 1108 qui
376 1037 498 1089 vocatur
518 1028 747 1089 holoschoenus.
787 1046 825 1087 ex
846 1027 890 1087 his
912 1029 1106 1090 melancranis

58 1118 155 1177 sosine
180 1113 244 1174 aliis
266 1113 425 1191 generibus
446 1115 591 1190 nascitur,
621 1131 697 1189 oxys
718 1121 813 1172 autem
836 1121 865 1172 et
887 1112 1106 1174 holoschoenus

94 1199 199 1261 eodem
225 1200 366 1277 caespite.
406 1197 574 1257 utilissimus
604 1197 640 1257 ad
661 1197 752 1256 vitilia
779 1195 1015 1274 holoschoenus,
1042 1201 1108 1277 quia

93 1283 188 1343 mollis
214 1291 243 1343 ct
271 1299 411 1342 carnosus
432 1291 486 1340 est.
517 1282 576 1340 lert
598 1281 722 1340 fructum
746 1297 867 1339 ovorum
890 1282 1107 1342 cohaerentium

92 1366 189 1426 modo.
226 1367 354 1426 nascitur
381 1373 476 1424 autem
497 1373 526 1423 et
545 1366 569 1422 is
593 1381 678 1442 quem
702 1380 811 1423 marem
836 1365 1048 1442 appellavimus
1070 1386 1108 1426 cx

95 1451 254 1528 semetipso
271 1449 421 1508 cacumine
438 1449 466 1507 in
482 1457 588 1507 terram
601 1447 715 1521 deiixo,
732 1448 926 1507 melancranis
944 1458 1039 1509 autem
1053 1468 1107 1510 suo

57 1560 83 1601 15
96 1535 214 1593 semine.
240 1533 348 1611 alioqui
364 1533 488 1593 omnium
505 1532 621 1591 radices
635 1530 768 1590 omnibus
785 1532 865 1591 annis
883 1532 1150 1600 intermortuis-114

93 1627 147 1677 tur.
170 1634 239 1676 usus
255 1617 290 1677 ad
306 1634 407 1676 nassas
423 1617 563 1691 marinas,
580 1615 698 1675 vitilium
712 1615 904 1692 elegantiam,
922 1617 1107 1677 lucernarum

93 1703 212 1776 lumina,
228 1702 387 1780 praecipua
399 1699 541 1774 medulla,
559 1698 745 1777 amplitudine
760 1701 839 1759 iuxta
851 1702 1006 1761 maritimas
1019 1700 1105 1779 Alpis

92 1795 170 1845 tanta
194 1794 224 1844 ut
246 1787 337 1846 inciso
359 1793 462 1844 ventre
483 1783 612 1862 inpleant
635 1801 729 1863 paene
751 1784 897 1843 unciarum
913 1785 1104 1860 latitudinem,

92 1872 121 1929 in
136 1869 275 1949 Aegypto
302 1887 373 1929 vero
397 1868 592 1944 cymbiorum,
616 1868 795 1945 longitudine
811 1885 869 1927 non
887 1869 951 1929 aliis
975 1869 1102 1928 utiliore.

55 1974 82 2014 ao
93 1952 214 2027 Quidam
232 1955 384 2013 etiamnum
398 1971 483 2012 unum
498 1970 591 2028 genus
606 1953 715 2013 iaciunt
735 1952 812 2012 iunci
827 1952 962 2030 trianguli
976 1985 1020 1997 ·-
1034 1971 1084 2028 cy·
1099 1966 1149 2018 115

92 2054 185 2115 percu
200 2047 306 2098 vocant
322 2071 373 2111 -,
390 2037 470 2097 multi
485 2056 557 2097 vero
575 2055 634 2096 non
647 2037 796 2097 discernnt
811 2054 828 2095 a
842 2039 944 2116 cypiro
956 2038 1105 2098 vicinitate

92 2122 224 2179 nominis.
257 2137 311 2179 nos
328 2120 537 2196 distinguemus
552 2130 716 2198 utrumque.
747 2122 865 2198 cypirus
884 2131 930 2181 est
946 2121 1104 2199 gladiolus,

92 2212 122 2262 ut
144 2203 283 2278 diximus,
305 2202 405 2261 radice
425 2202 567 2278 bulbosa,
592 2203 805 2263 laudatissimus
828 2204 857 2262 in
878 2205 980 2265 insulis
1003 2204 1101 2281 Grata,
1116 2227 1149 2264 ιιι

93 2287 160 2346 dein
179 2285 263 2345 Naxo
286 2295 315 2345 et
338 2294 441 2365 postea
462 2287 491 2344 in
508 2284 665 2346 Phoenice.
699 2283 817 2346 cretico
840 2288 950 2348 candor
972 2288 1105 2368 odorque

56 2371 203 2430 auvicinus
231 2370 338 2444 nardo,
366 2368 460 2430 Naxio
487 2371 601 2447 acrior,
631 2369 790 2429 Phoenicio
819 2372 954 2448 exiguum
980 2374 1104 2451 spirans,

92 2455 186 2515 nullus
202 2453 368 2532 Aegyptio,
385 2473 448 2514 narn
465 2462 493 2513 et
509 2454 550 2513 ibi
566 2456 705 2514 nascitur.
740 2454 865 2516 Discutit
882 2455 1001 2517 duritias
1018 2473 1082 2515 cor·
1096 2468 1148 2521 116

92 2555 205 2618 porum.
249 2541 304 2598 iam
335 2539 463 2599 remedia
496 2540 571 2597 enim
598 2539 745 2615 dicemus,
780 2540 914 2617 quoniam
945 2550 974 2600 et
1003 2540 1105 2600 florum

93 2621 273 2699 odorumque
295 2623 408 2697 generi»
423 2631 468 2682 est
490 2640 611 2700 magnus
636 2641 705 2682 usus
730 2624 757 2682 in
784 2622 935 2688 medicina.
966 2626 1044 2703 quod
1069 2625 1105 2685 ad

93 2706 216 2783 cypiron
239 2707 357 2783 attinet,
386 2705 599 2784 Apollodorum
627 2707 742 2785 quidem
769 2724 876 2784 sequar
903 2709 950 2787 qui
978 2708 1105 2786 negabat

56 2807 83 2850 ao
93 2788 264 2865 bibendum,
282 2807 453 2868 quamquam
467 2791 622 2870 professus
635 2791 867 2851 efficacissimum
879 2810 946 2851 esse
963 2793 1104 2852 adversus

94 2872 225 2933 calculos
242 2891 276 2932 os
292 2892 328 2934 eo
344 2874 436 2934 fovet.
467 2875 582 2936 leminis
599 2876 714 2954 quidem
730 2874 850 2935 abortus
865 2875 966 2936 lacera
981 2895 1038 2936 non
1053 2877 1102 2937 du·

92 2958 181 3033 bitat,
206 2957 365 3036 mirumque
389 2960 474 3020 tradit
494 2960 637 3021 barbaros
659 2959 782 3019 suffitum
798 2958 880 3020 huius
896 2959 1005 3020 herbae
1023 2962 1101 3020 exci-

92 3042 199 3120 pientis
224 3058 276 3100 ore
299 3041 392 3102 lienes
416 3061 588 3104 consumere
608 3054 637 3104 et
656 3061 713 3103 non
730 3044 831 3120 egredi
849 3045 979 3104 domibus
995 3041 1056 3102 nisi
1067 3043 1102 3103 ab

93 3126 151 3186 hoc
174 3126 280 3185 suffitu.
312 3128 481 3204 vegetiores
503 3130 578 3188 eninr
600 3128 801 3206 firmioresque
823 3129 865 3188 sic
884 3130 969 3188 etiam
990 3129 1018 3187 in
1040 3128 1103 3188 dies

57 3209 167 3276 asberi.
204 3212 414 3288 intertriginum
436 3221 465 3272 et
485 3213 593 3274 alarum
618 3213 693 3272 vitiis
716 3212 1013 3291 perfrictionibusque
1040 3229 1103 3271 cum

95 3293 162 3354 olco
179 3296 289 3357 inlitum
304 3313 362 3356 non
377 3296 463 3357 dubie
479 3297 599 3357 mederi.

157 3380 241 3458 (70.)
266 3378 400 3460 Gypcros
419 3383 518 3440 iuncus
539 3389 599 3457 est,
618 3380 742 3459 qualiter
757 3380 896 3458 diximus,
912 3379 1144 3457 angulosus,117

93 3458 291 3526 iuxtaterram
309 3465 458 3542 candidus,
477 3465 626 3525 cacumine
641 3466 726 3540 niger
740 3465 933 3542 pinguisque.
959 3460 1157 3520 undamn*
