2422 3840
125 182 183 245 118
466 196 609 245 111111
628 197 778 245 securum

124 353 236 411 ocinum
251 359 354 424 vocat,
376 367 433 427 quo
451 349 592 412 sistebant
607 351 703 410 alvom
721 350 831 422 bubus.¹
855 350 884 409 id
907 357 1001 408 erate
1022 350 1121 427 pabuli

123 444 225 512 segete
249 433 341 492 viride
363 434 512 494 desectum
537 444 688 512 antequam
713 434 835 512 gelaret.
878 433 951 492 Sura
979 430 1122 492 Mamilius

123 519 207 579 aliter
220 517 248 576 id
266 518 470 595 interpretatur
493 527 522 579 et
545 517 631 578 tradit
650 518 735 577 fabae
751 517 863 577 modios
884 516 1003 590 decern,
1026 516 1120 575 viciae

123 602 211 675 duos,
233 602 397 660 tantundem
415 602 536 662 erviliae
553 604 581 664 in
605 603 706 678 iugero
724 610 858 661 autumno
873 601 991 658 misceri
1013 608 1041 658 et
1062 601 1122 659 seri

123 684 242 758 solitos,
268 685 371 744 melius
394 695 423 744 et
437 704 529 746 avena
551 684 678 760 Graeca,
701 683 746 744 cui
765 701 823 742 non
845 683 920 743 cadit
940 700 1051 759 semen,
1072 684 1146 743 ad·⁵

121 770 218 828 mixta.
249 767 306 828 hoc
320 770 477 828 vocitatum
498 771 611 828 ocinum
632 768 776 846 boumque
796 785 884 828 causa
909 768 968 827 seri
995 766 1119 827 solitum.

121 852 215 912 Varro
237 851 412 929 appellatum
434 870 450 912 a
473 853 624 912 celeritate
649 851 840 930 proveniendi
866 868 883 910 e
904 849 1017 910 Graeco
1043 850 1122 928 quod

121 925 230 1005 ὠκέως
244 935 348 994 dicunt.

79 1029 130 1082 144
204 1018 285 1098 (43.)
309 1017 422 1078 llledica
443 1028 562 1078 externa
585 1021 669 1079 etiam
690 1016 830 1078 Graeciae
852 1020 913 1092 est,
935 1025 965 1075 ut
987 1034 1003 1075 a
1028 1015 1122 1076 lledis

122 1102 243 1162 advecta
260 1119 313 1179 per
334 1101 413 1160 bella
428 1102 596 1177 Persarum,
620 1119 695 1179 quae
709 1101 813 1161 Darius
829 1101 937 1176 intulit,
958 1100 1011 1160 sed
1027 1101 1076 1160 vel
1093 1101 1121 1159 in
1132 1116 1156 1155 ro

122 1187 220 1262 primis
236 1185 366 1245 dicenda.
400 1194 476 1245 tanta
493 1187 546 1246 dos
563 1188 600 1264 ei,
618 1204 681 1245 cnm
697 1204 734 1244 ex
749 1201 805 1243 uno
822 1193 884 1244 satu
900 1185 1020 1262 amplius
1037 1202 1121 1262 quem

120 1270 238 1328 tricenis
255 1269 335 1328 annis
353 1268 444 1328 duret.
476 1270 576 1329 similis
593 1278 638 1328 est
654 1268 763 1329 trifolio
786 1268 868 1328 caule
889 1268 1045 1347 foliisque,
1068 1285 1120 1344 ge·

120 1352 254 1412 niculata.
282 1351 418 1430 quidquid
430 1355 459 1412 in
475 1354 558 1413 caule
575 1353 702 1429 adsurgit
716 1353 787 1412 lolia
800 1351 1014 1412 contrahuntur.
1036 1369 1121 1410 unum

81 1436 178 1500 145111
196 1454 230 1496 ea
251 1445 279 1495 et
297 1437 389 1511 cytiso
410 1437 547 1496 volumen
565 1436 748 1515 Amphilochi
765 1444 810 1495 est
831 1435 991 1495 confusum.
1020 1435 1121 1494 Solum

121 1518 223 1596 in'quo
247 1530 358 1581 seratur
383 1520 555 1599 elapidatum
579 1529 788 1598 purgatumque
817 1518 956 1595 subigitur
975 1527 1156 1594 autumno,1s

119 1620 187 1662 mox
207 1614 315 1663 aratum
333 1612 362 1663 et
385 1614 516 1664 occatum
542 1605 678 1680 integitur
704 1614 783 1663 crate
810 1604 913 1662 iterum
937 1620 972 1662 ac
995 1603 1120 1675 tertium,

121 1686 213 1763 quinis
235 1685 336 1745 diebus
359 1689 537 1765 interpositis
555 1696 584 1746 11
599 1687 665 1746 limo
687 1686 795 1746 addito.
831 1687 927 1765 poscit
947 1695 1042 1746 autem
1065 1686 1120 1744 sic·

122 1788 184 1829 cum
200 1787 393 1846 sucosumque
409 1771 456 1829 vel
478 1772 599 1848 riguum.
635 1772 674 1830 ita
695 1780 869 1848 praeparato
894 1771 1000 1828 seritur
1021 1786 1120 1828 mense

80 1852 235 1925 1111111111,
267 1852 338 1911 alias
364 1854 472 1930 pruinis
501 1853 637 1912 obnoxia.
668 1869 742 1931 opus
765 1863 810 1912 est
833 1853 976 1913 densitate
1005 1851 1121 1911 seminis

121 1936 214 1994 omnia
236 1936 374 2011 occupari
401 1936 680 2015 internascentisqne
702 1936 810 1996 herbas
833 1937 958 1997 excludi.
990 1935 1019 1995 id
1038 1951 1156 2014 prae-ro

120 2026 195 2076 stant
225 2019 327 2094 iugero
356 2019 442 2079 modii
462 2021 567 2080 viceni.
607 2020 765 2082 cavendum
789 2038 825 2078 ne
851 2019 1001 2094 aduratur,
1030 2028 1120 2078 terra-

120 2118 176 2178 que
192 2103 323 2178 protinus
338 2103 428 2180 integi
446 2104 544 2164 debet.
576 2106 602 2162 si
617 2105 653 2164 sit
669 2103 792 2163 umidum
807 2104 901 2164 solum
915 2102 1119 2176 herbosumve,

120 2186 241 2244 vincitur
264 2194 294 2244 et
309 2186 446 2246 desciscit
460 2189 489 2246 in
504 2197 625 2266 pratum.
663 2188 731 2248 ideo
749 2189 880 2265 protinus
901 2186 1050 2247 altitudine
1071 2203 1119 2244 un·

121 2269 187 2328 ciali
208 2269 306 2328 herbis
330 2271 459 2330 omnihus
479 2271 629 2331 liberanda
650 2280 712 2346 est,
735 2288 819 2331 manu
841 2273 1040 2349 potiusquam
1062 2285 1121 2329 sar·

120 2353 195 2413 culo.
213 2362 329 2412 secatur
343 2355 484 2431 incipiens
497 2354 605 2414 llorere
619 2363 649 2412 et
656 2356 790 2430 quotiens
804 2353 944 2414 refloruit.
961 2353 991 2414 id
1001 2354 1121 2413 sexiens
1130 2372 1158 2413 11

78 2446 127 2500 147
142 2438 237 2495 111111
253 2455 307 2514 per
322 2453 422 2496 annos.
455 2455 518 2496 cum
533 2439 700 2511 minumum,
724 2446 835 2515 quater.
868 2437 901 2497 ln
918 2453 1017 2497 semen
1031 2442 1119 2494 matu-

118 2536 238 2577 rescere
256 2519 435 2595 prohibenda
457 2529 518 2597 est,
543 2523 609 2598 quia
632 2519 768 2598 pabulum
792 2520 890 2580 utilius
911 2528 956 2579 est
975 2516 1121 2595 usquead

119 2603 269 2660 trimatum.
301 2620 391 2662 verno
418 2605 501 2663 sariri
522 2605 611 2664 dehet
625 2603 804 2681 liberarique
820 2604 928 2664 ceteris
950 2600 1064 2677 herbis,
1085 2600 1122 2660 ad

118 2685 259 2743 trimatum
274 2688 375 2744 marris
390 2686 426 2745 ad
443 2687 536 2746 solum
551 2688 622 2747 radi.
647 2688 688 2747 ita
702 2687 835 2766 reliquae
851 2685 962 2747 herbae
976 2686 1122 2745 intereunt

119 2769 181 2826 sine
196 2768 287 2846 ipsius
311 2767 413 2827 damno
436 2779 557 2847 propter
574 2770 751 2829 altitudinem
773 2771 911 2831 radicum.
944 2770 969 2829 si
981 2769 1123 2828 evicerint
1131 2781 1157 2823 ao

118 2849 246 2926 herbae,
268 2850 424 2910 remedium
440 2853 554 2911 unicum
574 2854 681 2927 aratio,
703 2855 821 2932 saepius
846 2853 1007 2928 vertendo,
1028 2852 1123 2912 donec

77 2945 128 2999 148
141 2953 241 2994 omnes
256 2934 330 2994 aliae
345 2934 458 2994 radices
474 2937 626 2996 intereant.
660 2934 731 2997 Dari
752 2953 810 2997 non
831 2938 867 2999 ad
889 2939 1052 2998 satietatem
1074 2934 1122 2994 de·

117 3018 177 3093 bet,
200 3036 237 3077 ne
252 3017 374 3095 deplere
392 3021 560 3096 sanguinem
574 3037 699 3080 necesse
716 3021 769 3080 sit.¹
791 3029 820 3081 11
836 3022 936 3082 viridis
952 3019 1051 3079 utilior
1067 3025 1121 3076 est.

117 3102 225 3162 arescit
240 3101 392 3162 surculose
410 3120 445 3161 ac
460 3113 609 3181 postremo
622 3105 651 3163 in
667 3103 817 3182 pulverem
834 3105 963 3165 inutilem
985 3110 1122 3162 extenua-

116 3195 170 3246 tur.
220 3182 267 3243 De
294 3186 404 3262 cytiso,
433 3188 479 3247 cui
505 3195 535 3247 et
565 3188 620 3265 ipsi
649 3188 827 3267 principatus
860 3188 943 3249 datur
976 3186 1005 3245 in
1032 3183 1159 3263 paon-u

75 3268 207 3344 surculis,
229 3268 345 3328 adfatim
361 3270 482 3329 diximus
496 3271 572 3330 inter
586 3271 715 3334 frutices.
732 3280 762 3331 et
776 3289 851 3330 nunc
866 3271 979 3347 frugum
999 3269 1124 3328 omnium

116 3360 215 3412 natura
241 3352 411 3430 peragenda
427 3361 486 3428 est,
508 3354 589 3412 cuius
611 3354 641 3412 in
661 3362 745 3432 parte
761 3354 798 3413 de
819 3352 929 3413 morbis
946 3368 1065 3431 quoque
1082 3348 1123 3408 di-

108 3444 201 3493 catur.
