2422 3840
295 196 374 246 usu.
389 196 479 244 men.
496 196 567 243 xv1.
589 191 711 247 55-55.
736 183 885 266 toa-oo.)
1046 183 1084 245 29

151 351 203 412 35.
227 349 311 428 (63.)
331 349 438 410 Similis
456 359 501 409 est
522 349 649 409 hederae
665 368 682 408 e
699 348 800 409 cilicia
816 348 931 426 quidem
947 350 1067 426 primum
1080 359 1128 414 155

91 434 226 512 55515515
249 433 301 492 sed
320 433 348 490 in
364 431 485 493 Graecia
510 433 690 511 frequentior
707 450 791 509 quam
805 441 912 492 uocant
925 433 1084 507 smilacem,

91 518 190 579 densis
212 515 375 592 geniculata
399 515 544 590 caulibus,
566 517 691 593 spinosis
711 516 870 575 frutectosa
888 517 991 591 ramis,
1013 516 1084 575 folio

91 601 273 675 hederaceo,
289 616 396 677 parvo,
413 616 470 658 non
484 599 637 675 anguloso,
656 617 672 658 5
687 598 823 676 pediculo
839 601 986 657 emittente
1005 617 1083 677 pam·

63 705 78 745 5
92 685 192 762 51555,
208 682 281 741 dore
297 682 436 757 candido,
453 681 550 741 olente
566 682 664 741 lilium.
694 682 751 741 fert
765 698 897 740 racemos
914 680 1067 743 labruscae
1077 692 1128 746 151

90 767 188 843 modo,
203 783 261 825 nou
277 766 416 840 hederae,
436 765 537 824 colore
552 765 651 839 rubrb,
668 765 812 842 conplexa
827 766 916 823 acinis
932 764 1085 824 maioribus

91 849 214 910 nucleos
228 858 339 924 ternos,
352 848 506 907 minoribus
521 849 662 924 singulos,
677 849 776 923 nigros
792 846 948 924 durosque,
965 846 1086 907 infausta

91 933 223 1002 omuibus
240 933 332 992 sacris
347 940 376 991 et
392 933 524 1007 coronis,
542 933 676 1009 quoniam
696 932 732 989 sit
755 929 883 1006 lugubris
898 931 1009 1005 virgine
1024 931 1086 989 eius

91 1017 212 1076 nominis
228 1024 350 1093 propter
364 1032 490 1075 amorem
504 1015 616 1073 iuvenis
633 1011 722 1072 Croci
736 1022 841 1073 mutata
862 1015 891 1072 iu
910 1013 985 1073 hunc
1005 1013 1085 1072 fruti·

58 1125 83 1166 10
93 1118 166 1161 cem.
195 1099 224 1159 id
245 1099 350 1176 volgus
373 1099 508 1174 ignorans
531 1098 702 1175 plerumque
723 1097 798 1157 festa
819 1114 870 1156 sua
890 1096 994 1174 polluit
1016 1096 1066 1156 hc·
1076 1108 1126 1161 155

93 1184 192 1245 deram
204 1183 393 1243 existimando
407 1185 480 1241 sicut
493 1183 522 1240 in
534 1183 629 1259 poetis
645 1190 692 1241 aut
705 1179 809 1240 hibero
820 1189 901 1257 patro
913 1190 961 1239 aut
974 1180 1085 1255 Sileno,

93 1266 146 1345 qrtf
162 1268 226 1343 quis
244 1267 358 1328 omnino
382 1267 476 1325 nescit
495 1264 598 1342 quibus
614 1261 810 1323 coronentur?
839 1262 864 1322 E
880 1264 1001 1325 smilace
1018 1263 1086 1322 11551

93 1348 233 1423 codicilli,
252 1350 457 1427 propriumque
473 1350 610 1408 materiae
624 1356 669 1407 est
684 1356 715 1405 ut
730 1347 842 1407 admota
857 1345 975 1406 auribus
992 1346 1087 1405 lenem

94 1449 195 1491 sonum
209 1432 321 1491 reddat.
351 1431 480 1491 hederae
500 1433 570 1490 mira
592 1429 722 1507 proditur
741 1439 840 1488 natura
856 1429 892 1488 ad
908 1429 1085 1506 experienda

58 1517 176 1590 narina,
200 1515 225 1573 si
246 1532 298 1573 vas
314 1515 362 1573 fiat
377 1532 394 1571 e
411 1514 488 1588 liguo
507 1515 584 1587 eius,
606 1513 671 1572 vina
691 1511 862 1571 transduere
882 1528 917 1571 ac
935 1529 1086 1571 remanere

93 1614 207 1675 aquam,
226 1599 250 1655 si
266 1614 321 1673 qua
337 1596 423 1655 fuerit
434 1597 529 1655 mixta.

155 1679 204 1740 36.
225 1680 309 1758 (64.)
340 1678 419 1739 Inter
437 1696 471 1738 ea
492 1696 566 1756 quae
588 1677 699 1754 frigidis
722 1676 849 1754 gaudent
870 1685 898 1736 et
914 1678 1128 1754 aquaticorum

92 1765 212 1824 frutices
228 1762 336 1822 dixisse
359 1764 520 1823 conveniat.
554 1761 745 1839 Principalem
765 1763 793 1821 iu
813 1761 858 1819 1515
880 1759 1017 1820 15555551
1036 1761 1085 1820 ha·

92 1847 228 1907 rundines
244 1845 314 1906 belli
328 1847 467 1924 pacisque
484 1846 690 1923 experimentis
701 1845 886 1905 necessariae
901 1854 987 1921 atque
1002 1845 1087 1903 etiam

57 1945 84 1985 ao
94 1930 207 1990 deliciis
219 1938 331 2005 gratae.
356 1930 457 2007 tegulo
471 1946 568 1988 earum
579 1927 680 1988 domus
692 1947 760 1988 suas
775 1926 1018 2005 septentrionales
1034 1943 1086 2004 po·

93 2013 153 2090 puli
168 2013 317 2090 operiunt,
337 2012 495 2089 durantque
513 2013 592 2071 aevis
610 2020 686 2071 tecte
703 2010 779 2072 talia.
806 2019 836 2069 et
849 2012 878 2068 in
889 2011 1002 2087 reliquo
1013 2027 1085 2069 vero

94 2096 166 2155 orbe
182 2105 212 2154 et
227 2112 356 2155 camaras
372 2095 518 2153 levissime
539 2093 725 2170 suspendunt.
756 2094 919 2170 chartisque
934 2094 1062 2152 serviunt
1078 2103 1127 2156 157

94 2178 206 2252 calami,
222 2176 362 2252 Aegyptii
375 2194 506 2235 maxume
522 2178 694 2250 cognatione
707 2176 828 2252 quadam
842 2178 953 2253 papyri.
982 2175 1086 2253 proba·

95 2262 183 2318 tiores
198 2269 293 2318 tamen
308 2256 399 2318 Cnidii
415 2267 444 2317 et
460 2259 508 2335 qui
523 2259 551 2315 in
567 2256 637 2316 Asia
655 2259 733 2316 circa
748 2258 917 2316 Anaeticum
931 2259 1023 2317 lacum
1038 2275 1085 2315 55-

56 2351 222 2402 noscuntur.
261 2342 437 2403 nostratibus
465 2341 615 2416 fungosior
641 2339 742 2400 subest
772 2348 889 2414 natura,
919 2341 1086 2415 cartilagine

94 2424 208 2499 bibula,
236 2442 309 2502 quae
333 2443 405 2484 cavo
431 2441 556 2501 corpore
578 2424 670 2499 intus,
697 2440 823 2501 superne
845 2423 923 2481 tenui
950 2424 1087 2481 inarescit

93 2509 184 2585 ligno,
200 2508 297 2567 fissilis
315 2517 469 2586 praeacuta
486 2525 601 2584 semper
613 2508 686 2566 5515.
710 2505 874 2583 geniculata
890 2515 989 2576 551555
1004 2523 1068 2582 gra·
1078 2515 1129 2570 158

95 2592 190 2651 5111155
206 2591 348 2667 nodisque
364 2592 507 2665 distincta,
527 2591 585 2650 leni
602 2590 720 2667 fastigio
735 2599 867 2650 tenuatur
882 2591 910 2649 in
927 2591 1084 2665 cacumina,

96 2674 240 2732 crassiore
256 2673 407 2750 paniculae
423 2692 521 2749 coma,
539 2691 634 2750 neque
653 2672 708 2732 bac
730 2691 920 2751 supervacua.
950 2682 997 2733 aut
1013 2675 1087 2732 enim

57 2775 85 2817 55
95 2771 149 2834 555
168 2753 262 2832 pluma
277 2764 365 2815 strata
381 2775 571 2834 cauponarum
585 2756 683 2833 replet
697 2765 754 2832 aut,
765 2757 814 2816 ubi
830 2755 977 2817 limosiore
992 2756 1085 2815 indur-

96 2840 135 2898 uit
146 2837 223 2897 callo
237 2838 310 2898 51551
322 2838 350 2897 15
361 2838 469 2916 Belgis,
482 2850 620 2900 contunsa
632 2849 660 2899 ct
675 2841 825 2900 interiecta
837 2842 947 2900 navium
964 2841 1084 2898 conmis-

94 2921 169 2982 suris
194 2921 345 2980 feruminat
369 2924 599 2999 textusglutino
619 2925 752 2984 tenacior
773 2925 910 3001 rimisque
933 2921 1085 3000 explendis

95 3004 210 3064 fidelior
224 3005 302 3082 pice.

158 3086 242 3166 (65.)
273 3085 397 3146 Calamis
413 3088 532 3147 orientis
547 3089 647 3166 populi
662 3089 740 3149 bella
759 3089 928 3166 conficiunt,
948 3090 1063 3150 calamis
1077 3099 1128 3152 159

59 3169 208 3248 555515515
223 3170 328 3230 addunt
342 3169 530 3229 inrevocabili
550 3172 633 3231 hamo
649 3174 743 3232 noxia.
779 3180 900 3232 mortem
921 3173 1087 3234 accelerant

95 3255 180 3331 51555
196 3253 290 3313 addita
306 3254 439 3328 calamis,
462 3253 550 3331 litque
574 3263 603 3313 51
621 3271 658 3313 ex
674 3257 737 3333 ipso
756 3256 843 3316 telum
858 3256 934 3315 aliud
948 3256 1040 3317 fracto
1057 3257 1085 3314 15

96 3336 273 3398 volneribus.
305 3338 350 3397 his
365 3338 450 3397 armis
465 3335 557 3396 solem
568 3338 661 3415 ipsum
681 3338 859 3399 obumbrant.
889 3348 1009 3417 propter
1028 3338 1085 3398 hoc

97 3436 228 3480 maxume
252 3437 374 3481 serenos
396 3421 458 3480 dies
479 3428 595 3497 optant,
613 3421 703 3481 odere
726 3426 828 3483 uentos
850 3430 879 3481 et
900 3420 1013 3495 imbris,
1037 3421 1085 3498 qui
