2422 3840
129 179 168 238 70
474 189 504 238 c.
521 189 617 237 annu
632 189 782 238 suenum

129 344 234 420 frigida
250 345 323 404 enirn
339 353 368 404 et
384 362 494 422 aquosa
510 361 601 404 verno
618 344 732 403 conseri
748 352 874 421 oportet,
889 344 969 404 sicca
985 352 1015 402 et
1033 342 1128 404 calida

88 436 139 490 136
152 436 295 487 autumno.
330 427 369 506 [6]
395 427 559 487 Communis
580 427 693 506 quidem
716 426 816 486 ltaliae
839 429 912 486 ratio
936 436 1067 505 tempora
1090 427 1127 487 ad

130 511 204 570 bunc
226 512 339 571 modum
356 511 513 571 distribuit:
536 528 618 570 moro
635 510 671 569 ab
686 509 783 583 idibus
798 508 963 570 Februariis
982 513 1011 569 in
1027 512 1127 588 aequi·

131 596 273 671 noctium,
297 595 360 673 piro
377 604 556 670 autumnum,
573 596 611 653 ita
627 603 656 653 ut
678 593 805 652 brumam
822 593 971 673 quindenis
984 612 1020 653 ne
1034 595 1128 652 minus

131 676 234 736 diebus
257 679 445 754 antecedant,
469 679 550 738 malis
570 677 688 737 aestivis
709 685 738 735 et
760 677 908 754 cotoneis,
930 679 998 737 item
1018 676 1157 751 sorbis‚5

131 762 246 838 prunis,
270 771 337 839 post
364 762 486 821 mediam
509 763 630 821 hiemem
657 761 684 818 iu
709 761 772 821 idus
788 759 977 836 Februarias,
1003 761 1127 839 siliquae

130 843 260 903 Graecae
278 855 306 904 et
323 845 445 923 persicis
461 855 526 904 ante
541 845 669 904 brumam
687 862 741 921 per
756 854 931 921 autumnum,
950 844 1069 903 nucibus
1086 845 1127 902 iu·

130 927 226 1002 glandi
242 938 271 987 et
286 931 390 1006 pineae
407 937 435 987 et
457 928 609 988 abellanae
630 936 659 986 ot
675 926 805 987 Graecae
827 937 913 1006 atque
939 937 1094 987 castaneae
1111 945 1127 986 a

129 1009 262 1070 kalendis
279 1010 388 1070 llartiis
404 1012 440 1070 ad
457 1011 520 1070 idus
535 1011 662 1084 easdem,
680 1010 762 1071 salici
778 1020 807 1070 et
817 1013 950 1087 genistae
962 1012 1039 1070 circa
1051 1009 1126 1070 llar-

128 1094 183 1150 tias
198 1093 348 1153 kalendas.
381 1093 454 1153 hanc
473 1095 501 1153 in
525 1095 612 1153 siccis
630 1095 758 1169 semine,
781 1094 857 1152 illam
881 1096 910 1153 in
928 1093 1029 1153 umidis
1043 1093 1127 1169 virga
1139 1111 1162 1152 uo

88 1197 170 1240 rerem
184 1178 242 1234 seri
256 1178 386 1237 diximus.

88 1267 137 1320 137
194 1259 241 1318 19.
262 1260 303 1340 [7]
321 1260 374 1320 Est
389 1261 538 1320 etiamnum
552 1278 627 1320 nova
641 1260 787 1320 inserendi
803 1261 886 1338 ratio,
899 1278 934 1318 ne
948 1260 1014 1339 quid
1028 1260 1127 1317 sciens

130 1342 243 1419 quidem
253 1353 434 1420 praeteream
445 1344 521 1423 quod
534 1362 653 1423 usquam
664 1346 831 1418 invenerim,
842 1342 1021 1402 Columellas
1036 1359 1126 1400 exco-

128 1425 227 1501 gitata,
243 1436 273 1486 ut
287 1427 416 1487 adfirmat
429 1429 511 1505 ipse,
529 1446 584 1506 qua
599 1428 647 1487 vel
664 1427 798 1487 diversae
818 1426 1064 1503 insociabilesque
1079 1442 1125 1483 ar·

127 1507 227 1568 borum
249 1520 367 1570 naturae
389 1511 576 1589 copulentur,
602 1520 631 1570 ut
647 1512 694 1570 lici
715 1520 802 1589 atque
821 1511 915 1569 oleae.
951 1511 1028 1568 iuxta
1051 1509 1162 1570 hancne

128 1594 186 1651 seri
213 1593 297 1653 licum
320 1593 399 1654 iubet
419 1612 476 1653 non
501 1595 640 1672 ampliore
666 1594 819 1653 intervallo
841 1611 924 1672 quam
945 1601 975 1652 ut
997 1593 1128 1668 contingi

128 1674 210 1752 large
226 1679 319 1755 possit
340 1696 419 1737 ramo
435 1678 520 1737 oleae
536 1696 619 1756 quam
633 1695 765 1736 maxume
784 1678 904 1755 sequaci
925 1685 1011 1753 atque
1033 1675 1126 1734 oboe-

129 1756 238 1833 dituro,
267 1778 389 1838 eumque
411 1763 487 1819 omni
509 1763 620 1820 interim
638 1769 770 1837 tempore
791 1759 917 1819 edomari
938 1759 1126 1818 meditatione

87 1849 139 1902 138
152 1842 296 1901 curvandi.
337 1852 442 1920 postea
462 1843 518 1902 lieo
542 1844 647 1920 adepta
671 1843 756 1917 viris,
783 1843 859 1920 quod
882 1844 1000 1901 evenire
1022 1842 1125 1900 trimae

100 1942 102 1944 ·
128 1935 175 1982 aut
190 1926 289 2002 utique
305 1927 487 2002 quinquenni,
505 1927 673 1985 detruncata
690 1925 845 2003 superficie
861 1927 1012 2003 ipsumque
1031 1925 1123 2002 depu·
1135 1947 1161 1988 ao

86 2014 219 2064 natatum
237 2017 275 2082 et,
291 2016 321 2066 ut
337 2007 441 2067 dictum
458 2019 512 2085 est,
529 2009 633 2069 adraso
649 2010 795 2068 cacumine
819 2009 905 2086 deligi
920 2011 948 2068 in
964 2025 1048 2066 crure
1064 2007 1124 2083 lici,

128 2090 299 2150 custoditum
314 2092 452 2168 vinculis,
476 2111 513 2152 ne
529 2103 678 2152 curvatura
693 2092 793 2168 lugiet.
824 2093 862 2150 ita
878 2092 1000 2170 quodam
1015 2108 1124 2168 propa·

127 2173 223 2248 ginum
250 2174 456 2254 insitorumque
483 2185 709 2255 temperamento
736 2177 858 2234 triennio
885 2175 1023 2233 communi
1048 2175 1124 2233 inter

128 2254 198 2315 duas
213 2267 319 2317 matres
342 2260 522 2320 coalescere.
554 2269 655 2337 quarto
677 2276 750 2318 anno
772 2258 915 2317 abscisum
939 2267 1027 2316 toturn
1052 2256 1122 2316 ado-

126 2342 232 2416 ptantis
249 2360 327 2419 esse,
343 2343 466 2402 nondum
481 2343 598 2419 volgata
608 2344 717 2402 ratione
734 2350 780 2400 aut
795 2341 861 2400 mihi
879 2350 959 2429 certe
969 2342 1038 2400 satis
1053 2357 1121 2400 con·
1133 2368 1159 2407 25

125 2433 218 2499 perta.
913 2428 916 2440 ⁴

84 2513 135 2566 139
198 2509 280 2586 (31.)
302 2507 410 2569 Cetero
429 2510 530 2569 eadem
552 2509 600 2569 illa
617 2509 653 2568 de
670 2507 771 2568 calidis
788 2507 959 2585 frigidisque
975 2517 1004 2566 et
1018 2507 1123 2565 umidis

84 2608 119 2643 os
131 2598 178 2647 aut
194 2591 280 2648 siccis
298 2608 385 2668 supra
405 2593 481 2653 dicta
502 2595 575 2652 ratio
598 2602 627 2651 et
641 2590 754 2651 scrobis
770 2591 872 2650 lodere
887 2593 1063 2650 monstravit.
1093 2591 1123 2648 in

126 2672 244 2748 aquosis
269 2674 344 2731 enim
369 2692 464 2752 neque
491 2674 603 2753 amplos
629 2693 724 2753 neque
748 2673 823 2733 altos
847 2674 947 2733 facere
971 2673 1121 2751 expediet,

125 2753 210 2812 aliter
225 2757 254 2813 in
268 2764 405 2816 aestuoso
423 2766 452 2817 et
467 2759 558 2837 sicco,
570 2768 600 2818 ut
613 2775 696 2836 quam
711 2773 841 2816 maxume
859 2758 1002 2834 accipiant
1017 2773 1121 2834 aquarn
1132 2783 1158 2824 30

126 2840 358 2916 contineantque.
394 2839 474 2901 llaec
497 2851 526 2900 et
547 2851 664 2901 veteres
687 2841 808 2900 arbores
831 2840 946 2900 colendi
968 2840 1041 2900 ratio
1063 2849 1119 2898 est.

125 2918 304 2981 ferventibus
320 2926 392 2983 enirn
410 2924 483 2983 locis
505 2924 685 2984 adcumulant
706 2933 816 2984 aestate
838 2924 953 2984 radices
973 2924 1120 3000 operiunt·

82 3010 214 3079 140que,
238 3022 274 3063 ne
296 3006 367 3065 solis
389 3007 475 3067 ardor
490 3016 599 3067 exurat.
634 3007 721 3067 aliubi
737 3006 908 3086 ablaqueant
922 3007 1120 3085 perflatusque

124 3083 280 3145 admittunt.
320 3090 405 3149 iidem
430 3090 523 3150 hieme
550 3090 669 3150 cannulis
689 3109 710 3152 a
730 3091 799 3167 gelu
828 3092 981 3152 vindicant.
1018 3098 1121 3150 contra

123 3167 165 3226 illi
191 3168 285 3228 hieme
311 3175 442 3249 aperiunt
469 3192 656 3253 umoremque
681 3174 841 3234 sitientibus
864 3185 1013 3254 quaerunt.
1057 3173 1157 3238 ubi-es

125 3269 246 3330 cumque
269 3254 503 3317 circumfodiendi
526 3258 648 3318 arbores
674 3259 747 3317 ratio
773 3258 801 3316 in
829 3259 948 3318 circuitu
974 3258 1068 3337 pedes
1090 3258 1119 3315 in

123 3335 224 3394 orbem
253 3345 368 3415 ternos,
397 3358 491 3418 neque
522 3342 550 3401 id
579 3344 608 3401 in
637 3343 745 3420 pratis,
778 3341 891 3418 quando
922 3358 1019 3401 amore
1046 3341 1119 3399 solis

120 3420 287 3498 umorisque
303 3424 331 3482 in
348 3441 455 3484 sununa
472 3424 577 3484 tellure
596 3425 741 3484 oberrant.
785 3422 821 3482 Et
835 3422 871 3483 de
887 3423 1038 3485 arboribus
1056 3424 1119 3501 qui·
