2422 3840
319 210 399 257 nnn.
417 209 512 257 aran.
524 209 637 257 xv1111.
652 205 736 260 ι-ι.
752 198 871 276 (a-t.)
1053 197 1113 256 159

99 365 153 425 bus
169 365 259 442 etqui
274 379 331 422 non
347 361 533 423 exaudiantur
552 361 643 423 caedi.
671 380 744 439 ergo
764 362 831 422 huic
852 362 911 421 lino
933 363 1113 442 principatus

99 451 128 509 in
143 456 205 507 toto
228 445 309 506 orbe.
342 463 499 525 proxumus
519 444 826 521 byssino„rnulierum
845 463 977 506 maxume
1000 445 1112 506 deliciis

101 533 178 591 circa
195 529 270 590 Elim
283 531 311 588 in
327 529 437 590 Achaia
451 529 566 606 genito,
582 531 729 606 quaternis
751 529 875 588 denariis
898 531 1024 608 scripula
1049 530 1111 588 eins

100 621 258 693 permutata
274 612 417 692 quondam
432 620 463 671 nt
475 612 536 671 auri
550 613 678 691 reperio.
706 611 870 672 Linteornm
888 612 1011 689 lanugo,
1030 621 1152 676 eve-21

76 699 135 758 slis
151 699 263 757 navium
277 697 479 756 maritimarum
494 713 635 771 maxume,
650 696 679 754 in
695 711 800 770 magno
817 713 870 754 usu
882 695 1042 756 medicinae
1054 704 1108 770 est,

99 791 128 840 et
144 782 216 841 cinis
234 779 320 859 spodi
341 781 399 839 vim
413 778 510 838 habet.
534 778 588 839 Est
608 787 637 837 et
650 778 725 837 inter
742 795 891 856 papavera
909 795 1003 854 genus
1020 778 1110 857 qnod-

98 865 161 926 dam
176 881 234 942 quo
251 862 405 924 candorem
420 863 506 923 lintea
521 862 709 940 praecipuum
725 860 847 921 trahunt.

158 948 221 1026 (5.)
248 947 428 1026 'l'emptatum
450 954 495 1005 est
509 945 601 1022 tingui
620 944 707 1004 linum
727 961 861 1023 quoque,
877 954 908 1004 ut
928 945 1048 1004 vestium
1072 946 1154 1008 inat

97 1031 205 1091 saniam
219 1031 384 1109 acciperet,
407 1031 436 1089 in
453 1028 613 1089 Alexandri
627 1028 725 1105 blagni
740 1029 860 1106 primum
881 1028 1022 1088 classibus
1039 1028 1111 1088 lndo

63 1131 88 1172 ιι
97 1127 180 1175 amne
201 1115 379 1191 navigantis,
407 1130 471 1173 cnm
490 1112 580 1172 duces
601 1112 664 1172 eius
685 1130 719 1172 ac
736 1112 880 1190 praefecti
898 1113 928 1171 ιἰι
954 1113 1110 1173 certamine
1187 1162 1197 1179 ,

98 1197 221 1277 quodam
236 1199 397 1257 variassent
410 1196 532 1274 insignia
550 1197 672 1256 navium.
703 1204 931 1274 stupueruntque
953 1196 1039 1256 litora
1060 1197 1109 1256 lla·

96 1292 126 1341 tu
141 1281 330 1341 versicoloria
352 1280 491 1378 pellente.
528 1279 604 1339 Velo
630 1297 776 1358 purpureo
797 1279 833 1340 ad
854 1279 968 1356 Actium
993 1299 1055 1340 cum
1071 1280 1109 1341 bl.

97 1366 223 1424 Antonio
240 1363 397 1462 Cleopatra
414 1365 491 1423 ve'nit
506 1363 668 1440 eodemque
684 1362 794 1439 effugit.
830 1362 887 1424 hoc
910 1363 963 1423 iuit
985 1365 1109 1442 impera·

96 1450 190 1508 toriae
206 1449 288 1507 navis
305 1447 430 1523 insigne

64 1549 87 1589 rs
162 1530 225 1610 (6.)
247 1530 377 1590 Postea
368 1547 396 1587 ιιι
413 1529 533 1590 theatris
547 1537 654 1588 tantum
670 1526 798 1588 umbram
813 1528 931 1605 iecere,
955 1527 1032 1606 quod
1053 1502 1110 1605 pri·
1117 1537 1154 1594 aa

96 1631 158 1672 mus
180 1614 303 1672 omnium
324 1613 489 1687 invenitQ.
514 1611 648 1689 Catulus,
672 1630 735 1671 cum
758 1611 931 1690 Capitolium
951 1611 1108 1671 dedicaret.

98 1695 249 1756 carbasina
267 1695 371 1756 deinde
387 1697 454 1757 vela
469 1697 576 1776 primus
594 1696 623 1755 in
639 1695 753 1756 theatro
770 1695 888 1755 duxisse
904 1696 1022 1756 traditur
1036 1694 1109 1755 ben·

96 1779 171 1840 tulus
188 1779 325 1858 Spinther
340 1779 558 1859 Apollinaribus
572 1778 655 1840 ludis.
682 1797 751 1839 mox
763 1778 873 1840 Caesar
884 1779 1007 1840 dictator
1021 1788 1111 1838 totum

95 1863 190 1923 iorum
203 1864 361 1924 Romanum
375 1864 476 1924 intexit
487 1865 621 1942 viamque
638 1882 749 1923 sacram
771 1862 806 1924 ab
827 1862 911 1925 domo
935 1882 985 1924 sua
1008 1872 1037 1922 et
1058 1863 1109 1922 cli·

59 1965 86 2006 co
97 1964 163 2006 vom
178 1964 269 2025 usquc
284 1949 313 2006 in
330 1946 515 2026 capitolium,
531 1946 608 2026 quod
622 1966 741 2007 munere
756 1949 823 2026 ipso
837 1947 1010 2024 gladiatorio
1025 1948 1108 2006 mira·

94 2030 180 2090 bilius
195 2032 287 2090 visum
302 2030 425 2090 tradunt.
458 2030 562 2091 deinde
588 2041 617 2091 et
637 2034 700 2091 sine
716 2030 790 2090 ludis
812 2031 968 2093 Marcellus
989 2030 1153 2094 Octaviai4

95 2113 218 2190 Augusti
235 2130 338 2173 sorore
354 2115 468 2190 genitus
483 2116 512 2173 in
526 2114 674 2175 aedilitate
688 2133 739 2174 sua
754 2114 898 2174 avonculo
914 2130 961 2176 x1.
988 2115 1109 2174 consule

96 2215 121 2256 a.
140 2196 167 2254 d.
183 2195 299 2255 kalend.
316 2195 440 2272 Augusti
455 2196 529 2255 velis
547 2196 641 2256 iorum
656 2196 838 2274 inumbravit,
854 2207 884 2257 ut
900 2198 1042 2257 salubrius
1053 2197 1108 2261 liti·

96 2287 199 2356 gantes
216 2281 425 2356 consisterent,
447 2288 580 2356 quantum
596 2281 709 2339 mutatis
723 2279 850 2339 moribus
867 2278 986 2340 Catonis
1007 2297 1108 2340 censo·

60 2379 86 2419 na
95 2363 131 2422 rii
146 2363 193 2440 qui
214 2362 399 2423 sternendum
420 2379 535 2441 quoque
550 2362 645 2423 iorum
659 2362 815 2423 muricibus
834 2363 1002 2423 censuerat!
1034 2362 1109 2422 Vela

96 2464 188 2525 nuper
210 2455 240 2506 et
260 2447 361 2507 colore
389 2446 479 2524 caeli,
501 2446 634 2524 stellata,
662 2465 717 2526 per
744 2447 872 2507 rudentis
892 2447 954 2506 iere
976 2447 1059 2506 etiam
1081 2446 1110 2504 in

96 2529 312 2608 amphitheatris
331 2531 472 2608 principis
491 2529 627 2590 Neronis.
665 2530 769 2590 rubent
793 2533 821 2590 in
843 2531 923 2591 cavis
946 2529 1057 2590 aedium
1080 2537 1109 2588 et

96 2630 223 2671 muscum
248 2613 284 2673 ab
309 2614 373 2673 sole
395 2612 561 2673 defendunt.
597 2622 696 2674 cetero
726 2615 829 2674 mansit
862 2614 988 2674 candore
1020 2613 1108 2694 perti-

97 2697 175 2755 tinax
192 2697 294 2771 gratia.
324 2695 426 2757 llnnor
443 2697 528 2757 etiam
543 2715 559 2755 e
573 2696 699 2757 Troiano
715 2696 806 2757 bello.
838 2715 888 2757 cur
912 2699 986 2757 enim
1006 2715 1064 2757 non
1080 2705 1151 2760 etad

60 2794 86 2836 co
97 2778 219 2857 proeliis
236 2779 348 2839 intersit
364 2788 394 2839 ut
407 2778 585 2856 naufragiis?
616 2781 782 2841 thoracibus
793 2780 878 2841 lineis
893 2798 1002 2860 paucos
1014 2790 1109 2840 tamen
1189 2808 1192 2813 ι

97 2879 244 2943 pugnasse
266 2865 349 2922 testis
371 2873 415 2923 est
433 2863 586 2924 Homerus.
623 2864 689 2924 hinc
709 2865 799 2924 inisse
825 2873 854 2923 et
879 2865 992 2925 navium
1017 2881 1107 2922 arma·

97 2954 192 3005 menta
207 2944 283 3042 apud
304 2946 448 3007 eundem
440 2957 663 3026 1nterpretantur
678 2946 862 3024 eruditiores,
879 2949 1028 3025 quoniam,
1045 2964 1107 3005 cum

97 3018 228 3108 σπαρτοὶ
241 3028 310 3089 dixit
312 3031 544 3107 ,significaverit
559 3041 630 3092 sata.

161 3111 245 3173 2.7
209 3115 245 3193 (7
248 3112 272 3190 .)
294 3115 389 3193 Sparti
405 3113 517 3192 quidem
529 3133 595 3174 usus
607 3115 692 3174 multa
705 3123 772 3194 post
784 3114 901 3175 saecula
917 3122 1039 3196 coeptus
1054 3121 1151 3190 estid

61 3215 151 3258 annea
168 3205 234 3256 ante
250 3196 414 3257 Poenorum
436 3215 512 3258 arma
533 3215 606 3276 quae
629 3199 748 3276 primum
765 3197 921 3276 Hispaniae
943 3197 1102 3256 intulerunt.

95 3279 193 3341 llerba
209 3289 238 3340 et
253 3280 337 3356 haec,
357 3289 462 3359 sponte
476 3298 599 3340 nascens
612 3290 641 3340 et
655 3298 728 3358 quae
741 3299 799 3341 non
812 3289 900 3359 queat
910 3283 980 3355 seri,
996 3283 1106 3339 iuncus·

98 3380 153 3439 que
169 3366 288 3442 proprie
307 3365 376 3425 aridi
392 3364 463 3440 soli,
481 3365 527 3422 uni
543 3371 638 3424 terrac
660 3363 726 3426 dato
747 3364 827 3424 vitio.
858 3381 981 3442 namque
1001 3362 1030 3421 id
1050 3379 1106 3420 ma·

97 3443 153 3504 lum
168 3446 281 3506 telluris
298 3458 354 3526 est,
369 3467 424 3508 nec
440 3446 515 3507 aliud
530 3446 568 3505 ibi
585 3448 642 3506 seri
654 3457 702 3508 aut
717 3448 799 3507 nasci
820 3455 935 3526 potest.
962 3447 1000 3501 ‘m
1016 3444 1126 3498 idm
