2422 3840
140 152 201 227 256
485 176 514 224 c.
530 178 625 224 nnius
643 176 793 225 snourvnu

139 333 168 391 in
182 333 259 392 facie
276 330 442 403 emendant,
459 338 580 406 erugant
597 347 731 408 corpora.
756 349 820 390 cum
831 330 912 410 polio
928 330 999 391 lolia
1014 330 1043 388 in
1057 339 1147 390 aceto

141 425 225 475 cocta
246 412 413 474 volneribus
435 412 623 490 inponuntur,
650 415 825 490 sitentium,
851 414 954 474 melius
981 430 1046 473 curn
1071 413 1147 488 bvo-

141 515 258 573 scyamo
278 507 308 557 et
328 497 419 556 iarina
441 497 536 556 tritici.
567 515 668 556 semen
687 498 813 558 inlinitur
833 499 891 573 igni
912 514 1015 571 sacro,
1038 496 1094 556 llos
1118 507 1148 557 et

141 581 210 643 iolla
226 582 355 641 ulcerum
371 581 524 658 vetustati,
555 599 642 639 sucus
658 583 706 658 qui
722 581 795 640 flore
811 599 969 658 expressus
989 589 1034 639 est
1047 614 1091 625 -
1110 581 1148 641 ab

141 664 204 726 aliis
217 664 274 724 mel
285 673 416 739 vocatur,
429 663 464 723 ab
480 663 544 723 aliis
556 666 663 738 syrium
672 665 757 725 -ad
775 664 965 724 emolliendas
977 663 1081 724 volvas
1099 682 1171 724 sus

141 750 288 826 doresque
304 748 456 807 faciendos
475 756 503 806 ct
518 749 739 826 suppurationes
755 748 990 826 concoquendus.

99 845 150 900 128
214 833 298 910 (75.)
328 830 457 891 Narcissi
485 831 540 890 duo
568 849 676 907 genera
699 834 728 891 in
756 851 837 892 usum
861 832 966 892 medici
990 832 1147 909 recipiunt,

141 933 287 996 purpureo
303 915 375 974 flore
397 924 426 973 et
445 914 566 974 alterurn
585 915 769 975 herbaceum.
802 917 877 976 hunc
895 915 1046 975 stomacho
1061 916 1148 974 inuti·

142 1002 198 1061 lem
214 1009 242 1059 et
257 1000 323 1060 ideo
335 999 516 1058 vomitorium
532 997 672 1076 alvosque
685 1000 863 1075 solventem,
880 1001 977 1058 nervis
989 999 1147 1074 inimicum,

141 1092 227 1162 caput
241 1090 408 1158 gravantem
424 1091 452 1140 ct
467 1099 483 1140 a
495 1099 581 1140 narce
594 1084 752 1142 narcissum
768 1083 889 1158 dictum,
909 1100 967 1142 non
979 1099 995 1140 a
1007 1081 1146 1142 fabuloso
1158 1101 1181 1142 ao

100 1179 151 1233 129
162 1183 263 1245 puero.
298 1168 445 1242 utriusque
461 1164 542 1224 radix
561 1166 664 1226 mulsei
682 1167 796 1245 saporis
819 1175 872 1227 est.
899 1165 1036 1226 ambustis
1056 1165 1147 1245 prod·

143 1259 186 1311 est
212 1251 319 1326 exiguo
349 1267 365 1307 e
390 1248 493 1325 melle,
531 1249 575 1307 sic
603 1259 631 1309 et
653 1249 822 1310 volneribus
851 1259 879 1309 et
904 1251 1025 1324 luxatis,
1062 1253 1147 1328 panis

141 1352 213 1394 vero
230 1351 293 1393 cum
313 1332 400 1392 melle
422 1340 451 1391 et
473 1350 583 1393 avenae
605 1334 707 1394 farina.
739 1337 783 1394 sic
805 1344 834 1394 et
851 1333 938 1394 infixa
956 1336 1077 1410 corpori
1096 1352 1146 1393 ex·

140 1418 235 1479 trahit.
265 1419 293 1477 in
308 1415 425 1494 polenta
442 1417 523 1476 tritus
541 1417 668 1496 oleoque
684 1419 830 1478 contunsis
853 1418 984 1478 medetur
1001 1425 1030 1475 et
1046 1417 1148 1496 lapide

143 1502 299 1581 percussis.
331 1509 435 1578 purgat
457 1500 576 1559 volnera
600 1504 757 1578 permixtus
779 1502 906 1577 larinae,
937 1502 1035 1577 nigras
1058 1501 1183 1569 violi-15

141 1587 225 1663 gincs
239 1584 390 1644 emaculat.
422 1601 459 1642 ex
474 1583 531 1643 hon
548 1585 621 1644 llore
642 1586 672 1643 lit
686 1587 874 1646 narcissinum
890 1585 986 1645 oleum
1003 1584 1040 1644 ad
1055 1582 1165 1645 emol-'

142 1668 253 1728 liendas
274 1668 406 1744 duritias,
426 1666 623 1727 calefacienda
645 1686 719 1746 quae
735 1669 870 1746 alserint,
895 1669 1010 1728 auribus
1027 1669 1150 1729 utilissi-

141 1770 226 1826 mnrn,
240 1751 292 1812 sed
310 1759 339 1810 et
354 1751 458 1829 capitis
477 1750 594 1811 dolores
609 1752 688 1811 facit.

101 1848 152 1901 130
217 1835 301 1916 (76.)
323 1834 427 1893 Violac
447 1835 598 1893 silvestres
623 1843 653 1892 et
676 1836 794 1894 sativae.
832 1851 995 1914 purpureae
1020 1835 1149 1914 refrige-

142 1929 214 1979 rant.
251 1926 349 1977 contra
366 1917 601 1976 inflammationes
617 1917 770 1975 inlinuntur
784 1917 935 1977 stomacho
951 1917 1074 1976 ardenti.
1109 1921 1182 1983 inno

142 2010 284 2080 ponuntur
299 2007 328 2058 et
351 2001 437 2077 capiti
456 2000 485 2057 in
499 1998 610 2072 ironte,
634 1999 783 2059 oculorum
799 2001 933 2080 privatim
948 2000 1105 2078 epiphoris
1121 2013 1151 2063 et

143 2083 213 2145 sede
233 2081 402 2162 procidente
423 2082 547 2142 volvave
569 2092 597 2141 et
613 2091 711 2144 contra
730 2085 964 2163 suppurationes.
997 2086 1151 2163 crapulam

142 2177 171 2226 et
185 2166 360 2245 gravedines
383 2167 486 2245 capitis
502 2168 634 2245 inpositis
653 2169 769 2229 coronis
792 2168 958 2245 olfactuque
980 2168 1149 2245 discutiunt,

143 2252 263 2329 anginas
279 2270 316 2310 ex
330 2268 403 2329 aqua
419 2260 515 2330 potae.
546 2251 574 2311 id
595 2251 672 2328 quod
689 2270 865 2331 purpureum
884 2270 922 2312 ex
939 2253 974 2310 iis
994 2253 1150 2314 comitiali·

103 2347 150 2400 131
162 2336 215 2395 bus
231 2335 376 2409 medetur,
402 2353 532 2394 maxume
558 2337 672 2412 pneris,
698 2336 726 2394 in
741 2353 815 2413 aqua
833 2346 939 2414 potum.
967 2354 1067 2395 semen
1087 2339 1185 2403 vio-25

142 2421 188 2480 lae
215 2418 418 2497 scorpionibus
445 2417 621 2478 adversatur.
663 2427 762 2478 contra
794 2419 849 2478 llos
877 2418 961 2479 albae
985 2431 1151 2498 suppurata

143 2505 250 2583 aperit,
273 2505 336 2581 ipsa
359 2501 483 2562 discutit.
515 2511 543 2561 et
558 2502 622 2562 alba
648 2512 741 2562 autem
767 2512 796 2562 et
811 2503 888 2562 lutea
912 2511 1050 2562 extenuat
1068 2521 1152 2564 men-

144 2597 238 2661 strua,
267 2588 377 2646 urinam
398 2587 463 2646 ciet.
493 2588 584 2645 minor
607 2588 650 2645 vis
675 2595 719 2646 est
736 2586 918 2662 recentibus,
945 2586 1071 2664 ideoque
1095 2591 1152 2648 ari-

144 2670 188 2729 dis
205 2679 279 2753 post
291 2688 393 2729 annum
408 2669 551 2729 utendum.
581 2669 658 2728 lutea
681 2669 796 2729 dimidio
813 2670 917 2745 cyatho
937 2670 965 2728 in
982 2687 1076 2746 aquae
1101 2673 1152 2730 tri·

143 2753 197 2811 bns
212 2771 328 2811 menses
342 2753 436 2812 trahit.
467 2752 580 2813 radices
599 2754 661 2811 eius
681 2771 743 2813 curn
760 2763 844 2813 aceto
861 2754 958 2812 inlitae
976 2753 1079 2812 sedant
1096 2755 1150 2814 lie·
1162 2774 1187 2817 ao

145 2854 224 2912 nem,
252 2838 318 2896 item
346 2835 521 2913 podagram,
545 2834 693 2895 oculorum
715 2846 808 2896 autem
827 2837 1064 2896 inflammationes
1084 2856 1151 2898 curn

144 2938 237 2979 murra
253 2929 282 2979 et
297 2936 396 2979 croco.
428 2919 499 2978 lolia
517 2937 580 2977 cum
595 2919 682 2978 melle
699 2929 823 2997 purgant
837 2921 940 2998 capitis
954 2920 1064 2996 ulcera,
1085 2941 1151 2982 curn

145 3013 243 3064 cerato
268 3005 354 3063 rimas
380 3003 456 3062 sedis
481 3012 509 3061 et
527 3020 600 3079 quae
626 3004 653 3061 in
677 3003 778 3063 umidis
806 3013 887 3079 sunt,
918 3022 955 3062 ex
971 3013 1054 3064 aceto
1073 3023 1151 3066 vero

144 3086 336 3147 collectiones
352 3096 461 3146 sanant.
929 3137 932 3140 ⁴

105 3179 155 3233 132
219 3171 303 3250 (77.)
324 3171 435 3231 Baccar
461 3172 489 3229 in
514 3171 675 3232 medicinae
701 3190 753 3230 usu
780 3170 866 3249 aliqui
890 3189 927 3230 ex
950 3171 1058 3230 nostris
1080 3190 1187 3249 per-ao

146 3272 276 3332 pressam
291 3263 407 3316 vocant.
440 3255 591 3316 auxiliatur
607 3264 705 3316 contra
720 3257 880 3333 serpentis,
907 3256 1009 3332 capitis
1026 3254 1152 3316 dolores

145 3339 353 3418 fervoresque,
377 3340 444 3399 item
463 3341 628 3420 epiphoras.
660 3340 803 3418 inponitur
823 3339 949 3398 mammis
972 3340 1152 3400 tumentibus

138 3433 264 3503 apartu
288 3425 498 3505 ct‚aegilopiis
525 3422 728 3500 incipientibus
754 3432 783 3482 et
803 3420 918 3498 ignibus
940 3423 1040 3480 sacris.
1074 3425 1152 3485 odor
