2422 3840
128 173 167 236 80
463 185 494 233 c.
516 185 614 232 emur
636 183 787 233 succum

128 349 252 400 mentum
273 341 387 419 quidam
406 341 481 400 inter
500 340 571 400 duas
592 340 658 399 vitis
674 339 771 399 utilius
791 346 893 417 putant
912 339 1012 414 statui,
1037 346 1067 398 et
1087 339 1132 400 la·

130 425 214 484 cilius
237 423 445 502 ablaqueantur
465 425 521 497 ita,
551 423 711 501 meliusque
737 431 781 482 est
799 423 934 499 uniiugae
954 423 1075 496 vineae,
1105 424 1133 482 si

129 519 224 568 tamen
240 516 268 566 et
284 509 339 585 ipsi
355 508 422 584 iugo
438 508 493 566 sint
508 509 586 566 vires
604 525 660 566 nec
684 506 750 566 llatu
766 505 871 565 infesta
886 506 980 582 regio.
1012 506 1042 563 in
1058 523 1131 582 qua·

130 592 280 668 dripertita
298 609 381 669 quam
397 608 564 669 proxumum
583 591 664 650 oneri
680 588 877 649 adminiculum
893 606 960 648 esse
974 588 1073 663 debet,
1092 607 1131 648 ne

129 685 224 734 tamen
246 675 467 752 inpedimentum
488 675 592 734 sentiat
615 673 798 751 ablaqueatio
820 671 917 732 cubito
944 672 1051 733 abesse
1070 689 1157 732 nons

88 767 137 822 195
146 758 278 836 amplius,
287 758 454 838 ablaqueari
464 768 559 818 autem
571 759 651 836 prius
661 774 745 835 quam
756 758 850 835 putari
859 755 967 815 iubent.
983 755 1042 834 {20}
1055 754 1130 815 Cato

130 843 166 904 de
181 844 256 902 omni
272 842 383 902 cultura
404 843 501 901 vitium
524 843 563 901 ita
586 841 743 918 praecipit:
777 839 886 913 Quam
907 839 1131 899 altissimam

131 928 270 985 vineam
288 926 407 985 facito
426 925 810 1003 alligatoquerccte,
830 923 909 982 dum
925 923 1130 983 nenimium

131 1011 380 1084 constringas.
422 1007 490 1067 hoc
513 1008 615 1068 modo
644 1025 720 1067 eam
744 1015 890 1067 curato:
926 1008 1049 1084 capita
1072 1007 1127 1065 vi·

129 1094 216 1152 tium
247 1111 318 1169 per
352 1097 553 1151 sementem
581 1089 834 1168 ablaqueato.
879 1091 1031 1150 cineam
1063 1107 1164 1168 pu·ro

130 1184 239 1235 tetam
263 1174 545 1250 circumierim,
564 1192 669 1235 arare
691 1173 863 1252 incipito.
895 1173 994 1233 ultro
1011 1173 1128 1233 citro·

130 1275 199 1337 que
236 1259 366 1318 sulcos
403 1269 610 1337 perpetuos
643 1258 786 1318 ducito.
844 1259 937 1317 vitis
977 1266 1128 1317 teneras

130 1359 232 1420 quam
262 1343 410 1419 primunr
434 1352 655 1421 propagato„
683 1341 746 1402 ric
768 1349 948 1416 ocante,
972 1349 1129 1401 veteres

131 1443 232 1504 quam
260 1427 446 1485 minumum
475 1435 650 1487 castrato.
696 1425 839 1503 potius,
866 1427 902 1485 si
923 1442 1014 1503 opus
1035 1425 1128 1499 erit,

132 1509 278 1569 deicito
303 1509 527 1588 biennioque
547 1520 634 1588 post
656 1507 881 1588 praecidite.
926 1509 1038 1569 vitem
1065 1524 1165 1570 [ιο-ιε

129 1592 263 1653 uellam
288 1596 462 1654 resecari
492 1602 561 1653 tum
589 1595 661 1653 erit
689 1603 850 1670 tempus,
880 1592 941 1653 ubi
968 1590 1127 1651 valebit.

89 1678 184 1740 196sl
202 1679 311 1736 vinea
331 1676 372 1737 ab
389 1679 465 1737 vite
483 1678 629 1738 calvata
646 1678 734 1752 erit,
751 1676 874 1736 sulcos
890 1677 1128 1754 interponito

130 1759 255 1838 ibique
279 1761 396 1820 vivam
424 1761 585 1820 radicem
612 1761 742 1820 serito.
787 1759 948 1820 umbram
969 1776 986 1819 a
1008 1758 1129 1819 sulcis

129 1852 340 1917 removeto,
372 1843 579 1921 crebroque
608 1844 740 1903 fodito.
795 1843 832 1903 ln
858 1845 966 1904 vinea
995 1853 1129 1904 vetere

108 1928 250 1984 >serito
274 1927 433 2002 ocinum,
458 1927 492 1984 ai
514 1944 634 1987 macra
654 1929 734 1988 erit.
780 1927 875 2006 quod
897 1944 1045 2004 granum
1067 1944 1166 1989 ca·2o

130 2009 184 2085 pit
206 2027 248 2067 ne
271 2010 410 2084 serito,
437 2019 472 2068 et
495 2011 629 2070 circum
652 2011 777 2089 capita
805 2011 932 2071 addito
959 2019 1128 2085 stereus,

87 2092 300 2169 maleas,
323 2093 514 2169 vinaceas,
537 2094 679 2173 aliquid
700 2095 886 2154 horumce.
931 2093 999 2154 Ubi
1018 2095 1131 2152 vinea

129 2174 306 2236 frondere
330 2177 523 2255 coeperit,
545 2180 766 2258 pampinato.
800 2179 929 2238 vineas
952 2177 1130 2238 novellas

130 2259 298 2337 adligato
333 2261 481 2337 crebro,
515 2281 557 2322 ne
591 2263 712 2322 caulis
741 2262 1037 2341 praefringatur.
1094 2269 1131 2319 et

130 2360 222 2419 quae
247 2345 314 2405 ianr
342 2347 377 2405 in
398 2347 581 2424 perticam
610 2345 679 2406 ibit
700 2347 780 2405 eius
802 2348 1000 2425 pampinos
1023 2354 1166 2404 teneor

130 2443 191 2486 ros
230 2428 400 2505 adligato
445 2429 584 2489 leviter
622 2430 886 2508 porrigitoque
927 2429 978 2488 nti
1021 2437 1130 2487 recte

130 2519 239 2569 stent.
275 2511 334 2571 ubi
356 2531 422 2572 uva
445 2514 548 2573 varin
574 2513 662 2572 lieri
683 2514 875 2591 coeperit,
895 2513 986 2573 uitis
1009 2510 1130 2571 subli-

86 2600 284 2668 lbssgato...
319 2595 377 2674 [Ἡ]
401 2596 498 2654 Vitia
515 2597 644 2656 insitio
660 2613 727 2656 una
743 2606 882 2675 estper
904 2615 986 2673 ver,
1007 2594 1131 2656 altera

128 2691 204 2735 cum
232 2695 299 2736 uva
327 2678 453 2738 floret.
506 2698 547 2740 ea
567 2689 711 2759 optuma
739 2690 844 2739 est...
889 2681 1040 2741 Vineam
1064 2696 1128 2738 ve·

128 2767 244 2818 terem
267 2762 297 2820 si
320 2762 353 2818 in
375 2761 485 2821 alium
509 2763 629 2823 locum
650 2764 861 2824 transferre
879 2763 1004 2840 voles,
1029 2763 1166 2824 dum-ac

127 2850 230 2903 taxat
248 2843 463 2904 bracehium
485 2863 648 2907 crassam
666 2846 811 2908 licebit.
841 2847 1129 2926 primum-depu-

127 2935 214 2986 tato.
238 2927 515 3005 binasgemmas
533 2930 748 3009 neamplius
765 2931 987 3010 relinquito.
1012 2946 1130 2990 exra-

126 3009 1128 3076 dicibusbeneellodito.etcaveradicesnesaucies.

127 3092 177 3151 ita
195 3095 248 3152 uti
269 3095 401 3170 luerit,
425 3097 555 3174 ponito
571 3098 605 3157 in
627 3097 762 3158 scrobe
780 3101 888 3160 autin
909 3098 1017 3158 sulco
1038 3114 1129 3175 ope·

127 3175 277 3254 riteque
300 3189 334 3239 et
354 3178 448 3238 bene
471 3181 679 3242 occulcato.
719 3184 923 3261 eodemque
946 3182 1050 3243 modo
1073 3183 1166 3243 vies

128 3264 1127 3344 neamstatuito‚adligatoflexatoqueutiluerit,cre·

126 3341 268 3420 broque
284 3344 416 3406 fodito.
435 3346 564 3426 Ocinum,
574 3350 650 3428 quod
661 3351 688 3409 in
697 3351 782 3410 vinea
790 3351 850 3410 seri
859 3349 950 3426 iubet,
959 3350 1127 3429 antiquiap·

125 3426 275 3502 pellebant
284 3429 419 3508 pabulum
433 3429 551 3493 umbrae
565 3435 688 3512 petiens,
704 3435 782 3512 quod
796 3433 948 3495 celerrime
963 3435 1126 3514 proveniat.
