2422 3840
122 203 182 262 114
446 212 476 260 C.
494 213 591 261 'PLINI
607 212 755 261 suenum

121 366 153 429 In
169 367 271 428 eadem
292 367 449 446 peculiaris
473 367 597 444 religio,
620 385 742 445 namque
764 365 860 427 labam
881 385 980 446 otique
1000 384 1017 426 e
1035 367 1126 445 frugi·

121 452 176 512 bus
192 451 304 511 referre
319 467 382 510 mos
400 460 445 511 est
461 453 573 529 auspici
591 469 687 527 causa,
708 467 782 528 quae
796 451 863 510 ideo
880 451 1009 510 referiva
1024 452 1126 530 appel·

121 535 205 595 latur.
240 544 270 594 et
294 536 476 595 auctionibus
497 534 636 594 adhibere
660 552 723 594 eam
748 534 896 596 lucrosum
916 543 1024 613 putant.
1061 536 1126 595 sola

122 628 203 678 certe
229 619 343 697 frugum
368 621 454 680 ctiam
480 637 571 678 exesa
596 618 729 696 repletur
751 627 905 679 crescente
933 619 1009 680 luna.
1051 637 1127 697 aqua

80 715 130 767 lae
140 704 248 763 marina
267 704 360 764 aliave
377 705 454 765 salsa
469 721 527 763 non
548 703 747 781 percoquitur.
775 703 887 762 Seritur
908 711 973 763 ante
987 702 1152 779 vergilia-s

120 804 182 847 rum
198 805 335 848 occasum
353 789 528 864 leguminum
543 787 644 865 prima,
667 795 697 845 nt
714 787 869 846 antecedat
885 787 1017 846 hiemem.
1051 786 1125 846 Ver-

118 873 207 949 gilius
225 890 288 931 eam
303 876 358 951 pe'r
373 891 426 931 ver
441 873 500 932 seri
515 870 596 930 iubet
611 869 851 948 circumpadanae
867 870 969 930 ltaliae
984 871 1052 948 ritu,
1072 871 1126 931 sed

119 957 211 1015 maior
226 973 293 1033 pars
308 955 417 1015 malunt
430 955 537 1016 fabalia
559 963 687 1013 maturae
703 955 823 1013 sationis
845 972 928 1031 quam
952 955 1125 1014 trimestrem

119 1039 252 1098 fructum.
282 1040 344 1096 eius
361 1056 484 1118 namque
499 1038 623 1116 siliquae
640 1038 798 1115 caulesque
813 1038 979 1114 gratissimo
994 1046 1060 1097 sunt
1075 1056 1124 1117 pa·

119 1121 189 1181 bulo
206 1122 318 1197 pecori.
349 1122 450 1200 Aquas
465 1126 493 1182 in
510 1121 584 1182 dore
601 1139 733 1180 maxinme
749 1123 947 1200 concupiscit,
972 1140 1036 1181 cnm
1051 1137 1123 1181 vero
1135 1133 1160 1177 m

120 1205 269 1280 defloruit,
294 1206 416 1283 exiguas
437 1206 593 1266 desiderat.
631 1204 724 1264 solum
751 1207 859 1282 inquo
888 1212 950 1264 sata
970 1215 1016 1265 est
1041 1205 1123 1265 laeti·

119 1289 188 1349 ficat
203 1291 343 1348 stercoris
358 1290 435 1349 vice.
467 1290 533 1350 ideo
559 1290 637 1349 circa
656 1287 856 1349 Macedoniam
871 1288 1122 1368 Thessaliamque,

78 1383 126 1438 121
141 1392 204 1433 cum
228 1372 337 1433 llorere
363 1375 477 1453 coepit,
498 1382 613 1434 vertunt
633 1390 711 1433 arva.
750 1371 886 1432 Nascitur
906 1381 935 1431 et
950 1391 1002 1433 sua
1017 1381 1124 1451 sponte

119 1457 270 1536 plerisque
285 1459 314 1517 in
329 1458 421 1533 locis,
444 1459 518 1517 sicut
537 1457 773 1536 septentrionalis
789 1458 892 1516 occani
907 1456 1025 1532 insulis,
1051 1474 1124 1535 quas

120 1541 158 1600 ob
174 1542 202 1601 id
218 1544 309 1601 nostri
324 1540 463 1602 Fabarias
479 1541 639 1620 appellant,
657 1543 726 1600 item
741 1542 769 1599 in
785 1540 962 1601 Mauretania
977 1541 1123 1601 silvestrls
1134 1551 1159 1594 1⁸

118 1626 243 1704 passim,
267 1627 320 1686 sed
335 1626 480 1704 praedura
495 1635 524 1685 et
549 1644 625 1704 qnae
642 1626 785 1703 percoqui
807 1625 864 1684 non
888 1625 990 1703 possit.
1028 1624 1122 1685 nasci·

119 1719 164 1769 tur
180 1711 208 1767 in
223 1710 361 1788 Aegypto
376 1711 496 1787 spinoso
513 1710 614 1784 caule,
639 1727 694 1787 qua
710 1708 746 1768 de
763 1726 850 1769 causa
871 1707 1012 1768 crocodili
1028 1707 1122 1769 oculis

77 1804 128 1857 122
139 1794 273 1853 timentes
297 1792 453 1869 refugiunt.
498 1792 648 1868 longitudo
680 1809 771 1870 scapo
798 1801 934 1872 quattuor
959 1791 1122 1852 cubitorum

120 1876 373 1954 estamplissima,
396 1876 556 1935 crassitudo
574 1874 670 1954 digiti,
692 1877 721 1936 in
739 1885 846 1952 totum,
869 1877 898 1934 ni
920 1876 1056 1952 genicula
1072 1875 1120 1935 ab·

120 1970 235 2034 essent,
255 1959 335 2018 molli
353 1959 463 2019 calamo
477 1959 595 2035 similis,
619 1969 705 2038 caput
720 1961 878 2040 papaveri,
902 1959 1004 2020 colore
1020 1975 1157 2034 roseam

118 2045 147 2102 in
171 2061 207 2103 eo
230 2042 315 2103 labae
337 2060 395 2102 non
420 2060 507 2121 supra
533 2045 676 2120 tricenas,
697 2045 768 2106 folia
794 2045 905 2123 ampla,
929 2043 1040 2104 fructus
1055 2043 1121 2121 ipse

119 2145 231 2187 amarus
247 2136 276 2186 et
294 2127 385 2186 odore
395 2173 404 2205 ,
424 2128 477 2187 sed
498 2127 581 2187 radix
600 2145 738 2206 perquam
758 2129 835 2191 lauta
861 2127 1022 2188 incolarum
1036 2125 1120 2201 cibis,

120 2211 208 2272 cruda
238 2220 266 2270 et
295 2211 479 2272 omnimodo
509 2222 610 2287 cocta,
639 2210 824 2272 harundinum
847 2210 993 2274 radicibus
1009 2209 1119 2270 similis.

118 2296 245 2356 nascitur
278 2304 307 2354 et
333 2297 362 2355 in
387 2296 472 2370 Syria
498 2293 658 2373 Ciliciaque
690 2303 718 2352 et
751 2296 779 2353 in
808 2295 942 2358 Toronae
974 2293 1121 2355 chalcidis

119 2380 194 2440 lacn.
1131 2391 1158 2432 as

79 2473 128 2526 123
200 2463 284 2543 (31.)
306 2462 353 2522 Ex
368 2461 560 2539 leguminibus
581 2470 714 2521 autumno
730 2479 841 2521 vereve
856 2473 987 2524 seruntur
1007 2461 1122 2522 lenset

118 2548 147 2605 in
163 2543 283 2605 Graecia
298 2548 400 2625 pisum.
436 2545 511 2605 Lens
533 2554 607 2605 amat
622 2546 716 2605 solum
737 2553 825 2605 tenue
844 2549 935 2624 magis
950 2562 1035 2626 quam
1058 2546 1121 2623 pin·

118 2647 193 2706 gne,
217 2629 328 2689 caelum
345 2631 445 2707 utique
468 2631 586 2689 siccum.
617 2629 674 2689 duo
696 2647 805 2707 genera
826 2632 888 2690 eius
902 2630 1056 2708 Aegypto,
1079 2629 1121 2688 al·

120 2721 211 2789 terum
229 2713 377 2773 rotundius
393 2714 577 2790 nigrinsque,
603 2713 725 2772 alterum
742 2731 794 2773 sua
816 2714 924 2791 ligura,
946 2714 1022 2775 ande
1038 2713 1119 2773 vario

119 2814 172 2856 usu
188 2797 355 2856 translatum
373 2805 419 2854 est
435 2797 463 2855 in
478 2796 631 2855 lenticulas
645 2814 760 2857 nomen.
792 2799 909 2857 invenio
927 2797 1003 2876 apud
1021 2805 1119 2856 aucto·
1129 2805 1156 2846 ⁸⁰

118 2896 167 2940 res
190 2881 437 2959 aequanimitatem
462 2879 526 2938 lieri
552 2880 737 2940 vescentibus
766 2899 809 2942 ea.
842 2882 937 2941 Pisum
958 2883 987 2940 in
1012 2881 1119 2959 apricis

119 2966 178 3024 seri
193 2966 282 3025 debet
307 2965 447 3040 frigorum
474 2963 750 3041 inpatientissimum.
792 2967 860 3026 ideo
888 2967 917 3025 in
935 2964 1018 3025 ltalia
1041 2973 1071 3024 et
1092 2964 1121 3026 in

119 3051 281 3109 austeriore
298 3049 381 3109 caelo
398 3065 456 3108 non
471 3047 526 3107 nisi
540 3066 631 3109 verno
647 3059 780 3128 tempore
795 3059 873 3110 terra
888 3049 978 3124 facili,
999 3047 1104 3108 soluta.

77 3140 127 3194 rat
203 3132 287 3212 (32.)
311 3130 422 3193 Ciceris
437 3143 537 3194 natura
553 3141 599 3192 est
612 3134 692 3211 gigni
708 3152 772 3194 cum
785 3133 965 3211 salsilagine,
986 3132 1052 3192 ideo
1073 3147 1120 3189 so·

117 3216 175 3276 lum
192 3217 249 3276 urit
261 3235 317 3277 nec
331 3219 386 3277 nisi
404 3217 596 3278 madefactum
612 3218 706 3296 pridie
729 3219 788 3278 seri
809 3217 906 3278 debet.
938 3214 1158 3276 differentiaeac

118 3302 234 3379 plures,
258 3302 471 3379 magnitudine,
504 3301 615 3379 ligura,
654 3302 774 3377 colore,
808 3319 926 3379 sapore.
970 3308 1016 3358 est
1045 3297 1121 3357 enim

116 3386 239 3448 arietino
256 3388 342 3466 capiti
359 3387 468 3462 simile,
490 3385 566 3446 unde
583 3386 622 3445 ita
638 3386 803 3466 appellant,
827 3385 923 3445 album
936 3384 1120 3462 nigrumque,

99 3477 153 3526 est
165 3479 200 3529 et
215 3471 415 3535 columbinum
435 3471 515 3554 quod
531 3469 580 3531 alii
592 3469 750 3532 Venerium
766 3469 931 3548 appellant,
956 3466 1120 3541 candidum,
