2422 3840
229 261 231 265 ,
310 208 716 261 nar.u1sr.xv111.1-3‚
738 201 856 277 (1-3.)
1046 201 1089 262 95

90 362 135 421 far
149 371 273 436 tor-rere,
289 361 420 438 quoniam
437 368 541 420 tostum
554 361 620 420 cibo
636 361 778 422 salubrius
790 373 880 438 esset,
893 365 921 423 id
933 382 988 423 uno
1001 369 1087 427 modo

92 452 285 518 consecutus,
305 443 456 502 statuendo
478 459 535 502 non
559 461 626 503 esse
648 462 748 523 purum
769 446 804 506 ad
820 464 881 505 rem
898 447 1018 506 divinam
1033 452 1087 508 nisi

91 537 208 588 tostum.
257 528 281 586 is
305 535 334 584 et
354 525 525 586 Fornacalia
552 528 671 586 instituit
693 529 777 588 farris
798 531 925 588 torrendi
947 532 1035 591 ferias
1059 542 1119 598 ete

92 628 187 688 aeque
204 609 358 685 religiosas
376 612 505 668 terminis
520 628 664 686 agrorum.
700 611 754 670 hos
772 613 845 670 eninr
860 613 931 672 deos
947 624 1014 674 tunc
1029 635 1086 675 ma·

69 711 176 756 uxume
191 702 348 767 noverant,
373 693 528 770 Seiamque
543 711 558 752 a
575 694 718 768 serendo,
734 695 887 770 Segestam
903 714 918 754 a
937 700 1086 774 segetibus
1160 728 1163 733 ⁴

91 774 293 855 appellabant,
315 794 432 853 qnamm
455 777 605 836 simulacra
622 779 648 834 in
666 778 745 836 circo
762 777 902 853 videmus,
918 784 1086 840 -tertiam

91 878 128 918 ex
145 859 189 917 bis
205 861 353 918 nominare
370 859 423 918 sub
440 868 519 919 tecto
537 860 641 936 religio
658 868 702 919 est
719 893 770 936 -,
789 878 824 919 ac
844 879 879 919 ue
896 861 1087 939 degustabant

90 941 205 1019 quidem
219 942 311 1001 novas
326 942 425 1019 fruges
446 952 494 1002 aut
510 944 574 1003 vina
592 952 744 1020 antequam
760 943 931 1004 sacerdotes
949 947 1089 1022 primitias

89 1024 241 1084 libassent.

55 1126 80 1167 ro
153 1109 182 1170 3.
207 1109 269 1188 (3.)
294 1106 428 1186 Iugerum
445 1109 606 1169 vocabatur
626 1109 704 1186 quod
724 1127 780 1168 uno
802 1112 870 1188 iugo
887 1111 973 1171 bourn
989 1113 1016 1169 in
1033 1112 1114 1174 diei}

91 1193 205 1252 exarari
220 1200 332 1270 posset,
349 1200 430 1252 actus
445 1194 473 1250 in
489 1209 545 1270 quo
561 1192 654 1252 boves
670 1203 825 1268 agerentur
842 1212 904 1253 cum
919 1203 1013 1254 aratro
1028 1213 1085 1256 uno

90 1277 197 1354 impetu
211 1277 297 1334 iusto.
327 1275 374 1335 bic
390 1284 453 1334 erat
468 1288 536 1335 cxx
552 1276 667 1353 pedum,
683 1275 902 1356 duplicatusque
918 1281 946 1337 in
963 1278 1084 1354 longitu-

90 1358 184 1418 dinem
205 1361 336 1434 iugerum
358 1358 492 1418 faciebat.
527 1358 602 1417 dona
629 1357 803 1435 amplissima
825 1362 1029 1439 imperatorum
1050 1380 1085 1420 ac

90 1441 206 1500 fortium
218 1443 321 1500 civium
338 1450 471 1517 qnantum
486 1442 549 1518 quis
564 1456 620 1499 uno
636 1440 682 1499 die
698 1440 856 1516 plurumum
869 1445 1084 1503 circumaravis·

55 1547 81 1588 ra
91 1534 153 1598 set,
180 1525 248 1583 item
276 1525 411 1600 quartarii
432 1523 516 1582 farris
539 1532 585 1582 aut
607 1523 755 1598 heminae,
776 1525 945 1584 conferente
963 1526 1083 1602 populo.
1148 1581 1150 1586 .

92 1607 272 1683 Cognomina
288 1607 372 1664 etiam
387 1607 476 1684 prima
496 1606 578 1665 inde:
595 1605 714 1665 Pilumni
733 1607 780 1684 qni
796 1608 884 1684 pilum
898 1609 1024 1685 pistrinis
1041 1610 1080 1666 in·
1095 1620 1131 1672 lo

89 1696 229 1764 venerat,
246 1688 391 1765 Pisonis'a
406 1687 545 1767 pisendo,
560 1691 614 1748 iam
632 1688 801 1764 Fabiorum,
819 1689 1018 1765 Lentulorum,
1036 1688 1083 1749 (li-

91 1790 238 1847 ceronum,
251 1773 413 1849 utquisque
429 1771 545 1850 aliquod
561 1782 677 1851 optume
692 1790 785 1849 genus
798 1783 920 1835 sereret.
941 1772 1083 1833 laniorum

90 1856 214 1916 familiae
240 1854 397 1914 Bubulcum
418 1857 597 1915 nominarunt
621 1856 669 1934 qui
690 1855 784 1915 bubus
804 1866 920 1935 optume
943 1857 1083 1916 utebatur.

54 1963 80 2004 to
93 1942 159 2017 quin
174 1949 204 2000 et
218 1941 245 1997 in
260 1939 352 1997 sacris
367 1938 437 1997 nibil
448 1939 613 2015 religiosius
626 1939 865 2000 confarreationis
879 1941 994 2000 vinculo
1010 1948 1082 2016 erat,

91 2040 242 2100 novaeque
257 2030 363 2098 nuptae
379 2021 503 2080 farreum
519 2022 733 2100 praeferebant.
765 2022 875 2100 Agrum
889 2024 964 2083 male
980 2025 1080 2083 colere
1093 2035 1125 2086 ll

92 2107 254 2165 censorium
268 2103 405 2180 probrum
422 2104 615 2178 indicabatur,
634 2114 736 2181 atque,
759 2115 789 2164 ut
803 2106 894 2165 refert
912 2104 1001 2182 Cato,
1021 2124 1083 2166 curn

89 2190 181 2247 virum
201 2186 312 2245 bonam
327 2185 497 2265 dqrt’colom
518 2186 681 2264 bonumque
699 2188 831 2246 colonum
848 2189 1003 2263 dixissent,
1026 2206 1083 2246 am·

89 2270 220 2349 piissime
237 2268 371 2329 laudasse
393 2268 602 2328 existimabant.
631 2268 697 2327 hinc
719 2279 748 2329 et
769 2270 931 2348 locupletes
950 2272 1084 2330 dicebant

55 2374 82 2414 aa
92 2353 161 2428 loci,
177 2352 234 2412 boc
252 2361 297 2411 est
312 2352 384 2429 agri,
402 2350 522 2429 plenos?
543 2352 666 2429 pecunia
678 2353 772 2430 ipsae
791 2369 900 2429 pecore
915 2352 1085 2430 appellaba-

91 2447 144 2496 tur.
178 2437 262 2495 etiam
282 2446 358 2494 nunc·
379 2436 407 2494 in
424 2434 529 2494 tabulis
545 2435 687 2494 censoriis
709 2452 816 2513 pascua
839 2435 971 2494 dicuntur
990 2437 1085 2495 omnia

91 2538 128 2579 ex
144 2518 248 2597 quibus
262 2518 387 2596 populus
399 2517 508 2577 reditus
523 2518 620 2592 babet,
635 2519 699 2595 quia
714 2518 760 2577 diu
776 2519 832 2578 hoc
847 2519 940 2577 solum
955 2519 1082 2596 vectigal

89 2603 193 2662 fuerat.
224 2601 352 2660 multatio
375 2617 491 2679 quoqne
514 2618 571 2661 non
595 2601 648 2659 nisi
672 2602 765 2659 ovium
787 2603 930 2679 boumque
947 2604 1082 2681 inpendio

91 2683 252 2757 dicebatur,
264 2685 488 2743 non‘omittenda
503 2685 661 2762 priscarum
674 2685 770 2760 legum
787 2685 990 2745 benivolentia.
1016 2704 1081 2745 cau·

54 2777 149 2828 aotum
170 2766 278 2843 quippe
301 2775 403 2825 estne
428 2767 532 2827 bovem
553 2768 632 2846 prius
652 2784 734 2844 quam
756 2785 839 2828 ovem
858 2771 1017 2828 nominaret
1034 2770 1082 2845 qui

91 2850 233 2909 indiceret
254 2849 379 2909 multam.
416 2848 512 2910 Ludos
532 2850 618 2909 boum
638 2868 724 2909 causa
746 2851 922 2911 celebrantis
944 2851 1083 2910 Bubetios
1092 2863 1128 2915 12

90 2931 243 2998 vocabant.
279 2932 399 2991 Servius
418 2951 472 2992 rex
492 2934 587 2992 ovium
609 2933 753 3010 boumque
775 2935 873 3011 effigie
903 2937 1010 3012 primus
1031 2950 1082 2992 aes

91 3008 233 3092 signarit.x
253 3013 378 3092 Frugem
394 3015 507 3093 quidam
521 3024 617 3082 aratro
634 3019 790 3093 quaesitam
811 3019 905 3077 furtim
925 3025 1011 3076 noctu
1031 3035 1083 3096 pa-

90 3102 168 3159 visse
186 3117 220 3158 ac
236 3101 366 3158 secuisse
380 3098 484 3176 puberi
499 3111 551 3158 ΧΠ
565 3098 670 3158 tabulis
687 3101 791 3178 capital
808 3109 880 3177 erat,
897 3118 1083 3179 suspensum·

55 3201 80 3242 aa
90 3200 147 3262 que
163 3179 266 3241 Cereri
281 3181 379 3242 necari
394 3181 529 3241 iubebant
545 3184 661 3259 gravium
679 3200 761 3259 quam
775 3184 802 3242 in
815 3184 969 3244 homicidio
984 3185 1080 3243 convi-

91 3276 182 3340 ctum,
206 3266 341 3344 inpubem
363 3266 508 3342 praetoris
534 3265 671 3325 arbitratu
689 3266 838 3326 verberari
858 3269 1009 3326 noxiamve
1030 3266 1080 3325 du·

91 3349 256 3426 plionemve
272 3349 398 3408 decerni.
430 3346 487 3407 lam
513 3350 656 3408 distinctio
671 3347 823 3427 honosque
844 3351 965 3410 civitatis
987 3350 1077 3427 ipsius
1089 3360 1125 3412 13

58 3507 60 3514 Α
90 3447 148 3488 uon
165 3431 280 3491 aliunde
299 3440 370 3492 erat.
412 3433 538 3490 rusticae
558 3430 649 3490 tribus
675 3431 890 3492 laudatissimae
914 3448 1023 3488 eorum
1039 3432 1095 3500 upa
