2422 3840
140 166 201 230 248
487 178 516 227 c.
532 178 629 225 enum
648 176 798 226 suouunr

141 335 193 395 sub
215 334 263 393 diu
286 334 398 393 siccant
420 330 484 392 sole
511 332 647 410 lunaque.
681 332 756 392 haec
782 333 856 392 enim
882 331 1042 417 candorem
1071 333 1156 410 lacit,

140 418 186 477 sol
201 418 309 492 siccat,
340 425 422 476 etue
442 415 626 493 liquefaciat,
651 425 807 496 protegunt
827 417 906 476 tenui
921 415 1023 476 linteo.
1057 419 1157 478 candi·

142 501 257 561 dissima
272 517 344 561 vcro
361 500 392 560 lit
406 508 475 579 post
489 499 692 559 insolationem
708 501 859 560 etiamnum
879 508 1009 560 recocta.
1045 500 1158 562 Punica

98 594 131 648 85
144 583 293 643 medicinis
310 584 470 645 utilissima.
499 581 648 660 Nigrcscit
663 602 732 644 cera
748 582 844 644 addito
862 582 1025 644 chartarum
1042 585 1157 662 cinere,

142 670 216 727 sicut
237 666 364 728 anchusa
385 668 510 730 admixta
525 667 626 742 rubet,
654 669 811 745 variosque
832 669 861 727 in
879 666 997 726 colores
1021 670 1177 747 pigmen-s

140 753 177 811 tis
194 752 314 812 traditur
329 752 364 813 ad
381 751 509 812 edendas
535 749 734 811 similitudines
757 760 786 811 et
807 752 971 811 innumeros
987 753 1158 813 mortalium

141 854 210 894 usus
225 838 425 914 parietumque
441 837 526 894 etiam
543 844 572 894 et
587 852 729 896 armorum
744 835 872 895 tutelam.
891 832 998 895 Cetera
1012 835 1052 896 de
1066 837 1158 897 melle

99 917 317 1004 ¹,qqffaplbusque
333 926 475 980 inmatura
492 936 590 979 earum
611 919 687 979 dicta
708 927 782 978 sunt.
814 928 843 978 et
863 919 1015 978 hortorum
1038 920 1158 998 quidem

142 1004 233 1062 omnis
248 1003 313 1062 lere
328 1005 401 1062 ratio
418 1011 537 1080 peracta
554 1011 608 1061 est.

98 1095 133 1149 86
202 1087 250 1145 15.
276 1086 361 1164 (50.)
384 1086 526 1145 Secuntur
541 1085 651 1145 herbae
669 1094 774 1164 sponte
792 1094 947 1146 nascentes
963 1085 1072 1163 quibus
1094 1088 1184 1166 ple-u

140 1185 249 1246 raeque
268 1170 395 1245 gentium
409 1177 523 1228 utuntur
544 1170 572 1227 in
588 1168 660 1228 cibis
683 1186 874 1248 maxumeque
892 1169 1070 1249 Aegyptus,
1099 1172 1156 1232 iru-

141 1268 208 1328 gum
225 1252 340 1329 quidem
360 1252 557 1329 fertilissima,
584 1253 637 1313 sed
658 1261 689 1312 ut
709 1270 804 1331 prope
819 1253 884 1314 sola
904 1254 939 1314 iis
956 1271 1065 1314 carere
1088 1272 1157 1335 pos-

142 1337 187 1394 sit.
216 1343 293 1394 tanta
316 1347 361 1397 est
382 1336 513 1396 ciborum
534 1355 572 1396 ex
593 1336 693 1396 herbis
714 1335 896 1397 abundantia.
915 1338 959 1396 -in
979 1336 1067 1399 ltalia
1088 1357 1157 1418 pau·

143 1420 274 1478 cissimas
290 1422 436 1500 novimus,
461 1421 560 1497 lruga,
582 1429 721 1492 tamnum,
743 1438 876 1497 ruscum,
899 1420 987 1481 batim
1003 1423 1157 1500 marinam,

141 1503 228 1564 batim
243 1502 435 1577 hortensium,
462 1521 547 1583 quarn
566 1504 653 1581 aliqui
678 1521 851 1583 asparagum
870 1503 1013 1565 Gallicum
1037 1517 1157 1584 vocant,
1165 1529 1184 1571 u

142 1594 260 1666 praeter
280 1588 332 1648 has
360 1590 536 1667 pastinacam
556 1596 737 1667 pratensem,
764 1588 861 1667 lupum
883 1588 1084 1668 salictarium,
1112 1609 1157 1652 ea·

142 1689 198 1748 que
214 1673 312 1732 verius
328 1672 541 1731 oblectamenta
558 1689 641 1749 quam
657 1670 749 1735 cibos.

99 1761 133 1816 ct
206 1756 290 1835 (51.)
314 1755 345 1816 lu
360 1755 499 1834 Aegypto
519 1754 697 1814 nobilissima
718 1763 763 1814 est
784 1754 947 1830 colocasia,
975 1774 1066 1834 quam
1092 1776 1158 1834 cya-

142 1854 210 1896 mon
228 1839 315 1917 aliqui
330 1849 446 1899 vocant.
475 1838 549 1899 hanc
567 1856 583 1897 e
602 1837 669 1897 Nilo
689 1847 816 1914 metunt,
839 1839 938 1914 caule,
966 1856 1035 1899 cum
1056 1850 1158 1901 coctus

143 1929 205 1993 est,
238 1938 380 1981 araneoso
403 1925 432 1981 in
451 1921 630 1996 mandendo,
658 1920 758 1996 thyrso
785 1931 880 1982 autem
909 1923 957 2000 qui
984 1924 1065 1984 inter
1087 1925 1185 1986 loliano

143 2003 247 2062 emicat
267 2005 438 2084 spectabili,
461 2005 538 2065 foliis
561 2005 723 2080 latissimis,
761 2006 847 2066 etiam
868 2007 893 2064 si
918 2006 1057 2067 arboreis
1086 2026 1159 2070 con·

143 2094 295 2163 parentur,
318 2087 354 2148 ad
377 2088 588 2150 similitudinem
606 2105 705 2148 eorum
726 2107 801 2167 quae
822 2099 978 2168 personata
999 2092 1032 2152 in
1047 2095 1159 2154 nostris

144 2169 272 2230 amnibus
294 2189 450 2247 vocamus,
477 2173 610 2252 adeoque
633 2170 691 2232 Nili
712 2175 756 2232 sui
778 2172 894 2233 dotibus
910 2174 1042 2250 gaudent
1063 2185 1097 2237 ut
1118 2178 1158 2238 in·

141 2251 238 2332 plexis
261 2255 428 2318 colocasiae
452 2256 530 2316 loliis
553 2259 581 2316 in
602 2258 709 2317 variam
736 2259 865 2335 speciem
882 2273 1021 2318 vasorum
1050 2270 1158 2339 potare

142 2339 335 2413 gratissimum
352 2340 485 2400 habeant.
516 2342 622 2399 seritur
636 2342 691 2400 iam
708 2340 782 2400 haec
797 2343 825 2400 in
839 2340 931 2401 ltalia.
1165 2365 1185 2407 a

99 2429 134 2484 88
205 2422 289 2502 (52.)
313 2423 345 2483 ln
358 2423 496 2501 Aegypto
515 2439 655 2501 proxuma
670 2425 827 2484 auctoritas
843 2423 973 2484 cichorio
989 2434 1048 2503 est,
1069 2444 1160 2506 quam

101 2506 302 2567 mundissimus
317 2506 445 2566 intubum
464 2508 625 2567 erraticum.
655 2510 783 2568 nascitur
797 2517 865 2587 post
883 2507 1042 2586 vergilias,
1067 2509 1159 2572 floret

141 2589 344 2665 particulatim.
374 2591 456 2650 radix
472 2592 499 2649 ei
518 2590 611 2666 lenta,
639 2610 728 2668 quare
747 2591 884 2652 etiamad
905 2591 1021 2652 vincula
1037 2602 1159 2655 utuntur

143 2669 203 2729 illa.
238 2671 403 2732 Anthalium
425 2675 538 2751 longius
562 2692 578 2734 a
600 2674 714 2734 flumine
734 2677 860 2735 nascitur
879 2674 994 2753 mespili
1010 2681 1156 2754 magnitu-

142 2753 209 2812 dine
225 2762 253 2812 et
268 2757 459 2833 rotunditate,
487 2760 549 2816 siue
565 2757 689 2831 nucleo,
717 2759 779 2817 sine
794 2760 922 2834 cortice,
947 2757 1021 2819 lolio
1039 2763 1184 2840 cyperis

141 2837 276 2898 mandunt
298 2839 356 2915 igni
379 2848 525 2916 paratum,
549 2840 683 2899 mandunt
705 2851 735 2900 et
756 2850 866 2917 cetum,
894 2844 940 2901 cui
962 2859 1059 2921 pauca
1083 2845 1156 2905 lolia

99 2928 133 2983 89
146 2922 344 3000 minumaque,
369 2940 468 2981 verum
485 2923 567 2982 radix
583 2941 694 3000 magna.
726 2924 891 2985 Arachidna
907 2926 1023 3004 quidem
1041 2937 1071 2987 et
1091 2946 1155 2989 ara·

143 3021 212 3080 cos,
241 3022 304 3064 cum
323 3005 448 3066 habeant
466 3005 572 3067 radicis
594 3024 723 3067 ramosas
742 3025 776 3069 ac
803 3009 989 3089 multiplicis,
1023 3029 1084 3072 neo
1111 3013 1155 3072 io·

141 3088 209 3147 lium
238 3106 294 3147 nec
316 3088 435 3150 herbam
461 3090 548 3151 ullam
573 3099 620 3152 aut
647 3092 798 3169 quicquam
825 3092 902 3153 aliud
929 3111 1018 3171 supra
1043 3104 1156 3158 terram

141 3169 258 3230 habent.
294 3172 420 3252 Reliqua
436 3175 595 3251 volgarium
616 3175 645 3232 in
666 3174 737 3235 cibis
753 3175 829 3253 apud
845 3193 897 3236 eos
920 3175 1081 3240 herbarum
1103 3198 1183 3242 nou

140 3257 232 3316 mina:
265 3255 445 3335 chondrylla,
467 3257 676 3337 hypochoeris,
700 3260 842 3334 caucalis,
859 3261 1048 3339 authriscum,
1069 3282 1155 3326 soan-

143 3339 206 3413 dix,
239 3358 419 3419 consequae
447 3341 483 3401 ab
506 3341 569 3401 aliis
593 3351 778 3421 tragopogon
798 3353 936 3420 vocatur,
961 3344 1042 3406 foliis
1061 3366 1155 3409 croco

129 3423 303 3505 simillimis,
328 3423 531 3509 parthenium,
557 3426 723 3502 trychnum,
748 3426 907 3487 corchorus
928 3438 958 3488 et
986 3428 1025 3489 ab
1052 3434 1154 3514 aequi·
