2422 3840
114 165 154 228 84
380 210 387 221 r
456 178 486 227 c.
503 179 598 226 rrum
614 178 763 226 saeuum

114 352 171 393 non
189 334 290 393 eadem
306 334 333 392 in
348 334 408 392 vite
433 349 507 410 quae
529 332 558 388 in
575 329 700 390 arbustis
717 331 852 407 libertas,
879 335 1013 411 quoniam
1034 345 1119 397 certa

115 419 216 480 latera.
247 416 299 474 sed
315 415 430 476 facilius
448 414 630 474 abscondere
645 424 675 474 et
689 415 866 493 detorquere
883 434 940 492 quo
958 417 1032 477 velia
1053 418 1118 496 pla·

115 519 178 576 gas.
197 532 240 546 -
257 501 285 557 in
301 498 435 558 arborum
451 507 568 557 tonsura
585 499 733 576 supiniore
753 498 833 558 velut
852 499 960 560 calices
977 500 1117 579 faciendi,

114 603 150 642 ne
168 584 308 642 consistat
324 601 413 643 umor.

72 679 123 730 215
189 667 274 744 (36.)
299 665 353 724 Viti
369 664 540 725 adminicula
555 663 685 724 addenda
701 682 775 743 quae
788 667 908 727 scandat
918 667 1145 744 adprehensae

115 751 140 809 si
159 752 269 810 maiora
287 750 351 808 sint.
382 748 432 809 24.
455 749 560 808 Vitium
582 764 791 825 generosarum
813 750 953 827 pergulas
976 752 1116 829 quinqua·

114 833 206 892 tribus
223 833 363 911 putandas
380 841 419 907 et,
439 850 558 911 quarum
573 848 693 891 servare
709 850 781 892 uvas
797 832 903 910 libeat,
921 834 1117 895 decrescente

114 916 181 975 luna
196 917 326 993 tradunt,
343 934 417 994 quae
434 933 506 974 vero
525 915 677 974 interlunio
700 915 756 975 sint
774 926 889 993 putatae
904 917 989 977 nullis
1005 919 1116 978 anima-

115 999 182 1059 lium
198 999 341 1059 obuoxias
357 1017 435 1058 esse.
463 997 520 1058 alia
534 999 646 1059 ratione
658 998 745 1074 plena
759 998 825 1060 luna
839 1010 926 1060 noctu
941 999 1115 1076 tondendas,

115 1101 178 1142 oum
194 1083 231 1140 sit
246 1101 281 1142 ea
297 1084 326 1141 in
342 1082 440 1157 leone,
456 1083 625 1159 scorpione,
641 1083 801 1159 sagittario,
814 1093 907 1159 tauro,
923 1092 1009 1161 atque
1028 1085 1056 1143 in
1070 1093 1114 1143 to·
1126 1102 1153 1144 ro

115 1174 173 1224 turn
188 1166 328 1226 serendas
344 1164 430 1242 plena
446 1173 494 1224 aut
509 1174 662 1224 crescente
683 1166 781 1243 utiquc
801 1176 930 1226 censent.
962 1167 1116 1228 Sulliciuut

116 1250 144 1306 in
161 1246 242 1307 ltalia
260 1249 389 1308 cultores
405 1248 470 1307 deni
485 1249 513 1307 in
529 1258 651 1307 centena
667 1248 768 1324 iugera
783 1251 942 1310 vinearum.

73 1340 125 1394 216
189 1331 339 1410 (37.)[1]
373 1329 410 1390 Et
435 1330 548 1390 abunde
572 1341 634 1392 satu
661 1330 796 1409 cultuque
817 1334 951 1393 arborum
978 1341 1114 1409 tractato,

117 1416 250 1491 qnoniam
266 1415 301 1474 de
322 1414 424 1492 palmis
447 1424 476 1474 et
496 1416 589 1490 cytiso
614 1416 642 1473 in
663 1417 826 1493 peregrinis
853 1416 1005 1476 arboribus
1033 1415 1114 1476 adia·

73 1496 219 1582 {indebito
236 1498 373 1574 diximus,
390 1516 426 1558 ne
449 1499 516 1575 quid
536 1499 628 1574 desit,
645 1497 796 1559 indicanda
816 1499 928 1577 reliqua
948 1508 1058 1559 natura·
1070 1507 1152 1559 estus

116 1599 219 1657 magno
234 1598 326 1660 opere
347 1582 496 1659 pertinens
518 1581 554 1641 ad
574 1583 728 1642 cunniaco.
759 1582 930 1643 infestantur
945 1599 1069 1660 namque
1086 1591 1117 1642 ct

115 1664 237 1724 arbores
253 1665 419 1725 morbis-
434 1665 501 1743 quid
517 1666 732 1742 coingenitum
750 1676 830 1725 caret
847 1667 892 1725 bis
907 1663 1012 1727 rnalisl
1026 1699 1070 1711 —
1086 1674 1116 1725 et

115 1747 290 1807 silvestrium
306 1748 420 1825 quidem
432 1750 615 1825 perniciosos
630 1757 736 1823 negant
749 1766 816 1808 esse
830 1752 989 1827 vexarique
1006 1757 1116 1808 tantum

114 1832 254 1907 grandine
270 1832 299 1890 in
317 1832 525 1907 germinatione
541 1840 589 1889 aut
604 1830 688 1906 licre,
702 1831 783 1889 aduri
798 1849 914 1910 quoque
930 1832 1049 1891 lervore
1065 1840 1117 1892 aut

115 1914 183 1972 llatu
201 1913 363 1989 frigidiore,
377 1923 572 1990 praepostero
584 1914 642 1988 die,
658 1931 829 1992 quamquam
842 1933 894 1975 auo
906 1915 1015 1992 frigora
1028 1915 1115 1974 etiam
1124 1932 1151 1973 ao

72 2006 123 2061 217
136 2019 159 2053 10
171 2005 302 2073 prosunt,
318 2006 347 2055 ut
367 1997 499 2056 diximus.
534 1995 609 2069 Quid
629 1993 723 2072 ergo‘l
744 2013 801 2056 non
818 2008 848 2058 et
863 2000 938 2058 vitea
955 1998 1057 2074 algore
1071 1999 1113 2056 in·

115 2075 250 2140 tereunt?
266 2078 322 2138 hoc
335 2079 450 2158 quidem
463 2089 508 2138 est
520 2080 819 2158 quodeprehendatur
831 2082 887 2141 soli
899 2082 1008 2156 vitium,
1023 2097 1114 2159 quon·

116 2166 170 2223 iarn
186 2179 243 2221 non
259 2165 357 2222 evenit
370 2164 425 2222 nisi
442 2165 469 2221 in
485 2163 601 2240 frigido.
633 2164 730 2242 itaque
745 2182 800 2242 per
815 2165 926 2225 hiemes
945 2163 1020 2223 caeli
1035 2164 1114 2241 rigo·

115 2266 177 2306 rern
199 2247 373 2323 probamus,
401 2264 458 2306 non
480 2247 545 2306 soli.
587 2265 643 2307 neo
668 2247 875 2308 infirmissimae
901 2247 1022 2307 arbores
1044 2245 1116 2323 gelu

116 2329 329 2410 periclitantur,
354 2331 408 2390 scd
429 2348 593 2404 maxumae,
608 2332 780 2408 vexatisque
805 2333 844 2390 ita
859 2331 1006 2390 cacumina
1021 2331 1151 2407 primam

116 2417 291 2488 inarescunt,
301 2415 434 2492 quoniam
444 2414 633 2491 praestrictus
642 2415 845 2490 nonpotuitec
856 2415 1011 2492 pervenire
1020 2429 1113 2472 umor.

72 2507 125 2560 218
138 2499 178 2576 [t]
202 2497 347 2557 Arborum
363 2497 476 2575 quidam
493 2514 658 2555 communes
673 2495 782 2572 morbi,
806 2497 920 2575 quidam
940 2497 1044 2574 privati
1060 2513 1113 2572 ge·

115 2598 225 2639 nerum.
257 2577 420 2639 Communia
436 2580 635 2645 vermiculatio
652 2588 707 2655 est,
724 2579 862 2639 sideratio
875 2599 910 2640 ac
925 2578 1010 2639 dolor
1024 2596 1113 2638 mom·

115 2664 248 2736 brorum,
270 2664 346 2722 unde
362 2664 483 2740 partium
502 2662 652 2737 debilitas,
674 2664 817 2722 societate
837 2665 980 2723 nominum
996 2679 1114 2741 quoque

117 2765 180 2806 cum
193 2746 313 2804 hominis
325 2747 459 2804 miseriis.
484 2755 586 2805 trunca
598 2746 717 2805 dicimus
733 2755 814 2805 certe
828 2763 954 2824 corpora
966 2753 995 2806 et
1010 2745 1114 2806 oculos
1123 2767 1151 2809 ao

73 2840 125 2895 219
137 2831 294 2907 germinum
310 2837 430 2888 exustos
445 2847 480 2888 ac
496 2829 583 2888 mrdta
600 2828 683 2888 simili
700 2837 789 2888 sorte.
819 2830 917 2908 itaque
935 2829 1068 2889 laborant
1084 2837 1116 2888 et

114 2914 191 2974 ianne
207 2922 237 2973 et
255 2912 406 2985 cruditate,
425 2930 499 2990 quae
516 2911 584 2972 llrmt
598 2912 706 2970 umoris
720 2913 893 2990 quantitate,
910 2913 1025 2991 aliquae
1040 2928 1114 2971 vero

117 3007 145 3056 et
159 2997 313 3072 obesitate,
326 3004 356 3055 ut
373 2996 466 3056 omnia
480 3013 554 3074 quac
568 2995 692 3055 resinam
707 2996 801 3056 icrunt
816 2997 901 3057 nirnia
915 2995 1115 3076 pinguitudine

115 3082 143 3138 in
158 3079 271 3140 taedam
287 3088 428 3140 mutantur
444 3088 484 3155 et,
501 3097 564 3138 eum
578 3078 694 3139 radices
706 3096 823 3158 quoque
836 3081 1032 3160 pinguescere
1044 3095 1114 3137 coe·

115 3181 204 3240 pere,
228 3163 372 3223 intereunt
385 3172 416 3224 ut
433 3163 565 3224 animalia
581 3164 667 3222 nimio
685 3163 786 3242 adipe,
808 3163 962 3243 aliquando
978 3172 1007 3222 et
1021 3161 1112 3242 pesti·
1123 3179 1150 3226 ss

116 3247 206 3307 lentie
228 3265 282 3324 per
296 3264 423 3323 genera,
448 3249 521 3308 sieut
543 3249 618 3308 inter
641 3246 773 3307 lromines
798 3265 873 3307 nunc
895 3248 1012 3307 servitia
1037 3262 1113 3305 nunc

73 3328 237 3408 btoplebes
253 3329 362 3390 urbana
376 3331 426 3391 vel
441 3334 556 3392 rustica.
581 3333 621 3410 [3]
637 3329 869 3391 vermiculantur
880 3332 971 3407 magis
982 3330 1112 3389 minusve

118 3414 273 3491 quaedam,
294 3431 395 3475 omncs
410 3423 505 3475 tamen
520 3415 600 3491 iere,
621 3414 709 3492 idque
730 3431 801 3473 aves
824 3414 888 3474 cavi
905 3414 1022 3473 corticis
1037 3427 1111 3472 sono
