2422 3840
135 188 194 248 142
476 199 506 248 e.
523 200 619 247 Purur
635 200 785 248 securum

90 355 286 418 asscendens
294 388 345 430 —,
355 364 384 414 et
395 354 483 413 multo
496 354 587 413 minus
603 353 788 431 plenilunium
799 353 938 414 incidere.
955 356 995 433 [4]
1009 368 1075 414 1111.
1084 372 1136 414 no·

132 455 185 497 nas
202 436 296 497 lunias
314 438 415 497 iterum
431 437 525 514 aquila
542 438 670 495 exoritur
684 439 814 515 vesperi,
833 437 1002 498 decretorio
1019 439 1066 498 die
1082 438 1135 499 llo·

133 521 262 580 rentibus
279 522 353 580 oleis
368 520 543 598 vitibusque,
559 521 583 578 si
598 520 783 597 plenilunium
794 522 823 580 in
839 539 903 581 eum
918 522 1033 582 incidat.
1054 522 1135 600 equi·

133 605 197 664 dem
223 614 251 663 et
272 605 425 664 solstitium
440 617 514 664 vm.
532 603 590 662 bal.
606 602 658 663 lul.
676 604 761 664 simili
780 622 867 665 causa
888 605 1019 665 duxerim
1042 614 1070 664 et
1087 623 1134 665 cu·

131 690 175 747 nis
197 697 289 747 ortum
311 698 378 766 post
398 689 460 748 dies
486 687 645 747 asolstitio
667 700 775 763 xxttt,
807 688 859 748 sed
879 687 1033 748 interlunio
1056 689 1161 749 acci-s

132 771 236 847 dente,
260 773 394 850 quoniam
414 789 525 850 vapore
547 779 661 830 constat
682 771 769 850 culpa
791 773 924 850 acinique
952 790 1133 850 praecocun-

131 857 218 914 turin
234 856 348 915 callum.
371 874 471 914 rursus
489 855 677 933 plenilunium
691 863 780 914 nocet
796 873 822 915 a.
837 855 865 915 d.
881 868 945 915 1111.
961 873 1051 915 nonas
1066 855 1133 932 lul.,

128 957 196 1010 ,curu
213 939 352 1017 Aegypto
377 939 507 998 canicula
529 938 675 1013 exoritur,
700 937 748 996 uel
770 947 851 998 certe
874 953 944 999 xvt.
961 939 1019 998 kal.
1033 938 1132 1016 Augu-

132 1032 208 1097 stas,
242 1040 305 1081 cum
336 1021 454 1097 ltaliae,
488 1023 556 1081 item
576 1033 651 1080 x111.
673 1021 732 1080 kal.
759 1020 923 1098 Augustos,
954 1040 1017 1082 cum
1037 1023 1134 1100 aquila

88 1106 266 1180 asscendit,
282 1107 415 1184 usquein
432 1119 465 1164 x.
479 1105 620 1164 kalendas
637 1106 764 1165 easdem.
783 1106 932 1165 extrahas
949 1123 1052 1165 causas
1067 1115 1134 1165 suut
1143 1121 1169 1162 ro

129 1189 243 1248 Vinalia
265 1188 373 1263 altera,
406 1206 480 1267 quae
501 1196 623 1265 aguntur
647 1205 673 1246 a.
690 1189 717 1248 d.
733 1201 821 1248 xnn.
838 1189 979 1249 kalendas
1001 1190 1133 1269 Septem-

131 1271 200 1331 bris.
230 1271 325 1331 Varro
341 1290 376 1332 ea
393 1272 509 1332 lidicula
524 1272 682 1351 incipiente
697 1272 836 1331 occidere
851 1291 934 1333 mane
951 1274 1132 1348 determinat,

130 1355 208 1434 quod
224 1355 287 1414 volt
300 1357 408 1415 initium
425 1356 549 1415 autumni
569 1372 636 1415 esse
655 1364 684 1414 et
704 1355 779 1415 hunc
799 1355 874 1415 diem
895 1358 999 1416 lestum
1021 1366 1133 1434 tempe·

131 1439 252 1500 statibus
264 1440 406 1500 leniendis
421 1441 587 1501 institutum.
612 1457 687 1498 nunc
701 1439 845 1499 fidiculam
863 1441 999 1501 occidere
1014 1458 1040 1500 a.
1048 1440 1075 1500 d.
1084 1452 1130 1498 vt.

87 1524 210 1586 ascitus
226 1523 372 1600 Augustus
389 1532 530 1583 servatur.
552 1522 592 1601 [5]
609 1522 685 1582 lutra
702 1523 775 1582 baec
791 1532 904 1583 constat
921 1524 1058 1583 caelestis
1073 1531 1130 1582 ste·
1140 1535 1166 1577 tt

129 1607 238 1683 rilitas,
260 1625 356 1686 neque
371 1608 538 1685 negaverim
553 1623 642 1683 posse
660 1624 722 1666 eam
736 1616 901 1684 permutare
917 1608 1073 1684 algentium
1088 1607 1131 1665 lo·

131 1707 230 1749 corum
255 1699 285 1750 et
310 1693 498 1751 aestuantium
519 1699 643 1750 naturas.
678 1698 707 1748 et
720 1708 736 1749 a
751 1691 836 1750 uobis
853 1693 993 1751 rationem
1014 1691 1131 1751 demon·

131 1783 247 1833 stratam
264 1792 332 1833 esse
359 1776 429 1834 satis
454 1782 516 1849 est,
544 1773 658 1851 reliqua
674 1773 879 1835 observatione
901 1775 1040 1853 cuiusque
1062 1791 1130 1834 con·

130 1856 254 1916 stabunt.
287 1857 454 1917 alterutrum
478 1857 591 1934 quidem
612 1857 677 1915 lore
697 1858 725 1916 in
747 1874 851 1934 causa,
873 1857 931 1918 boc
946 1867 993 1917 est
1008 1856 1130 1937 plenilu-

87 1949 137 2003 291
150 1941 226 1998 nium
247 1948 295 1998 aut
314 1940 512 2014 interlunium,
537 1956 595 1998 uon
616 1941 671 1999 erit
688 1940 812 2001 dubium.
852 1950 882 2000 et
900 1941 929 2000 in
950 1941 1011 2002 boc
1033 1940 1131 2001 mirari
1139 1953 1167 1993 2⁰

130 2022 337 2099 benignitatem
358 2032 476 2082 naturae
497 2024 657 2100 succurrit,
682 2025 738 2084 iam
761 2026 883 2102 primum
907 2024 981 2085 banc
1002 2024 1131 2087 iniuriam

130 2105 260 2165 omnibus
287 2107 366 2165 annis
393 2107 529 2167 accidere
550 2123 608 2166 non
625 2123 715 2186 posse
741 2118 863 2187 propter
888 2116 980 2168 statos
1005 2108 1131 2168 siderum

130 2207 242 2264 cursus,
270 2207 326 2249 neu
341 2190 395 2249 nisi
410 2191 511 2268 paucis
526 2190 658 2251 noctibus
676 2193 751 2266 anni,
774 2192 860 2270 idque
877 2192 991 2270 quando
1006 2192 1130 2251 luturuur

129 2272 165 2332 sit
180 2272 268 2333 facile
288 2276 380 2333 nosci.
411 2292 446 2333 ac
467 2292 504 2333 ne
524 2293 579 2354 per
593 2275 684 2334 omnis
706 2277 821 2335 menses
835 2276 1001 2352 timeretur,
1032 2291 1131 2334 earum

129 2373 245 2435 quoque
270 2358 338 2435 lege
364 2358 485 2418 divisum
510 2367 621 2417 aestate
642 2359 793 2418 interlunia
814 2367 1016 2438 praeterquam
1039 2357 1167 2416 biduoau

128 2458 233 2500 secura
250 2460 334 2515 esse,
361 2441 456 2500 bieme
470 2441 638 2518 plenilunio,
658 2459 713 2502 nec
728 2443 783 2501 uisi
800 2442 918 2502 aestivis
939 2439 1128 2501 brevissimis·

85 2531 137 2585 292
148 2541 205 2601 que
220 2524 353 2583 noctibus
368 2524 473 2599 metui,
490 2523 592 2584 diebus
607 2541 664 2583 uon
678 2525 746 2584 item
760 2525 872 2585 valere.
904 2530 1128 2604 praetereuntem

127 2605 215 2665 iacile
240 2606 373 2684 intellegi
390 2616 422 2667 ut
444 2607 565 2668 formica
586 2609 736 2668 minumum
758 2607 860 2669 animal
876 2608 1029 2669 interlunio
1048 2607 1128 2687 quie·

127 2697 206 2771 scat,
231 2688 391 2768 plenilunio
413 2692 499 2751 etiarn
516 2691 650 2751 noctibus
666 2701 823 2770 operetur,
842 2709 926 2751 auem
941 2708 1057 2770 parram
1072 2689 1129 2750 ori·

128 2781 194 2832 ente
210 2774 278 2832 sirio
300 2774 365 2850 ipso
381 2774 428 2833 die
446 2791 503 2833 non
522 2775 683 2853 adparere,
710 2774 805 2836 donec
820 2776 951 2850 occidat,
978 2775 1164 2834 ediversouo

128 2855 307 2917 chlorionem
325 2856 444 2935 prodire
458 2858 523 2934 ipso
541 2856 588 2916 die
604 2857 720 2934 solstiti,
735 2866 866 2918 neutrum
880 2874 952 2919 vero
969 2858 1055 2918 lunue
1072 2865 1129 2916 sta·

127 2948 184 2998 tum
206 2941 322 3000 noxium
344 2958 431 3016 esse,
457 2958 494 2999 ne
515 2941 649 3001 noctibus
665 2942 779 3019 quidem
804 2942 858 3001 nisi
879 2942 993 3002 serenis
1008 2949 1039 3002 ot
1054 2939 1131 3001 omni

127 3038 195 3081 aura
210 3024 397 3102 quiescente,
425 3025 559 3102 quoniam
574 3041 669 3102 neque
685 3026 715 3083 in
735 3024 811 3085 nube
835 3043 931 3105 neque
947 3026 977 3084 in
996 3025 1065 3085 llatu
1082 3040 1130 3083 ca·
1150 3094 1154 3099 ⁴

51 3121 54 3124 ·
127 3103 196 3162 dunt
208 3123 310 3182 rores,
337 3107 380 3166 sic
396 3123 513 3187 quoque
528 3126 585 3168 nou
601 3109 662 3168 sine
680 3109 821 3169 remedio.

83 3195 136 3252 t93
197 3189 280 3268 (70.)
304 3189 455 3252 Sarmenta
475 3201 524 3251 aut
538 3192 685 3271 palearum
700 3210 825 3253 acervos
840 3201 870 3252 et
888 3191 1006 3252 evolsas
1021 3188 1129 3251 herbas
1139 3203 1165 3247 os

126 3271 305 3353 fruticesque
321 3293 376 3353 per
392 3276 492 3335 vineas
513 3292 708 3356 camposque,
735 3294 798 3336 cum
814 3276 945 3352 timebis,
968 3273 1128 3348 incendito,

126 3354 217 3416 lurum
232 3358 401 3419 medebitur.
435 3359 483 3420 bic
498 3377 516 3418 e
532 3360 626 3438 paleis
652 3369 682 3420 et
700 3368 800 3420 contra
820 3359 942 3419 nebulas
964 3357 1128 3431 auxiliatur,

116 3437 173 3495 ubr'
181 3441 313 3505 nebulae
332 3452 449 3506 nocent.
484 3443 597 3526 quidam
618 3444 670 3504 tris
691 3460 814 3504 cancros
834 3444 918 3502 vivos
942 3441 1066 3503 cremari
1086 3440 1129 3498 iu·
