2422 3840
126 180 164 241 16
472 186 775 238 enarmonicum

123 346 260 421 materie,
285 345 366 404 cuius
384 343 486 404 dorem
504 343 658 404 cubitalem
681 341 860 419 longitudine
880 357 952 419 apes
970 358 1029 402 non
1044 342 1126 403 attin·

122 439 202 507 gunt.
234 428 293 489 odit
311 436 341 487 et
355 444 430 505 quae
447 427 610 505 appellatur
623 427 702 487 lovis
717 424 826 501 barba,
848 426 877 484 in
892 442 985 502 opere
1000 426 1127 504 topiario

82 520 115 577 tt
125 512 239 573 tonsilis
256 520 286 571 et
301 512 330 570 in
350 511 553 572 rotunditatem
575 513 688 589 spissa,
710 518 852 586 argenteo
875 507 961 568 lolio.
990 525 1050 569 non
1072 510 1128 569 nisi

122 596 284 673 inaquosis
299 596 473 673 proveniunt
488 595 605 671 salices,
619 595 688 668 alni,
703 592 816 672 populi,
831 592 913 668 siler,
930 591 1054 670 ligustra
1069 601 1127 653 tes·

123 681 198 739 seris
214 679 373 755 utilissima,
392 681 459 738 item
475 680 605 738 vaccinia
623 676 725 738 ltaliae
741 678 770 736 in
782 677 913 754 aucupiis
929 685 1002 753 sata,
1011 675 1151 739 Galliaco

121 780 194 822 vero
210 764 295 823 etiam
310 780 457 841 purpurae
476 762 650 840 tinguendae
667 778 755 821 causa
772 760 809 821 ad
824 760 1008 820 servitiorum
1022 763 1127 822 vestis.

122 845 328 924 Quaecumque
345 847 505 906 eommunia
522 855 587 906 sunt
601 844 745 904 montibus
760 844 913 923 planisque
932 845 1042 904 maiora
1057 844 1128 905 hunt

121 931 262 1010 adspectu
278 929 504 1007 pulchrioraque
522 931 551 988 in
566 927 788 1007 campestribus,
801 927 923 989 meliora
937 929 1059 989 materie
1072 930 1127 990 cri·

121 1015 277 1092 spioraque
294 1014 322 1071 in
337 1012 480 1073 montibus
496 1015 630 1092 exceptis
646 1013 728 1072 malis
745 1012 886 1089 pirisque.

79 1104 114 1160 to
188 1098 236 1158 19.
260 1097 344 1175 (32.)
374 1096 532 1156 Praeterea
547 1096 682 1156 arborum
702 1095 767 1155 aliis
790 1095 926 1156 decidunt
941 1094 1029 1173 lolia,
1048 1096 1159 1159 alianto

120 1181 297 1258 sempiterna
311 1197 394 1239 coma
409 1182 514 1256 virent,
529 1198 613 1258 quam
625 1180 816 1240 differentiam
829 1179 984 1240 antecedat
997 1197 1125 1242 neeesse

120 1273 166 1323 est
177 1265 267 1343 prior.
290 1273 355 1324 sunt
365 1263 581 1324 enimarborum
589 1263 731 1342 quaedam
740 1265 854 1323 omnino
862 1263 1026 1340 silvestres,
1035 1282 1125 1345 quae·

120 1347 183 1407 dam
198 1347 386 1424 urbaniores,
409 1348 544 1426 quoniam
564 1347 608 1407 his
629 1347 729 1426 placet
750 1348 910 1407 nominibus
932 1346 1123 1426 distinguere.

119 1431 174 1492 hae
192 1432 291 1510 mites,
308 1449 382 1510 quae
398 1432 492 1491 fructu
508 1441 556 1492 aut
571 1431 667 1510 aliqua
690 1431 759 1491 dote
781 1430 1003 1509 umbrarumque
1023 1433 1124 1493 cilicio

119 1515 268 1576 humanius
282 1516 389 1590 iuvant,
406 1533 464 1574 non
478 1515 602 1593 inprobe
619 1516 750 1575 dicantur
761 1515 900 1575 urbanae.
1134 1532 1157 1574 re

77 1607 111 1663 79
180 1599 230 1662 20.
253 1599 336 1679 (33.)
359 1599 465 1659 Harum
480 1600 581 1677 generi
597 1617 654 1658 non
669 1597 820 1659 decidunt:
837 1599 934 1675 oleae,
948 1599 1043 1678 lauro,
1061 1600 1123 1680 pal·

119 1700 193 1757 mae,
206 1691 310 1760 myrto,
324 1700 477 1760 cupresso,
486 1685 571 1760 pinis,
580 1681 935 1757 hederae,rhododendro
943 1692 982 1762 et,
992 1686 1122 1762 quamvis

118 1766 208 1826 herba
224 1766 346 1840 dicatur,
361 1765 488 1825 sabinae.
518 1764 760 1840 rhododendron,
776 1775 807 1826 ut
822 1768 936 1827 nomine
950 1767 1088 1846 adparet,
1105 1784 1123 1827 a

119 1849 239 1910 Graecis
249 1848 337 1907 venit.
368 1848 416 1907 alii
431 1850 541 1908 nerium
556 1857 707 1924 vocarunt,
725 1849 774 1909 alii
790 1850 1031 1928 rhododaphnen,
1045 1869 1120 1911 sem-

117 1933 260 2009 piternum
286 1931 410 2004 fronde,
436 1950 524 1991 rosae
549 1931 751 2009 similitudine,
779 1933 909 1993 caulibus
939 1933 1154 1995 fruticosumao

117 2015 251 2074 iumentis
267 2016 421 2092 caprisque
437 2025 467 2074 ct
484 2015 587 2075 ovibus
604 2034 746 2076 venenum
763 2025 818 2093 est,
836 2017 912 2077 idem
928 2017 1035 2077 homini
1051 2036 1119 2080 con·

117 2107 161 2158 tra
177 2098 354 2175 serpentium
368 2116 479 2159 venena
494 2098 634 2159 remedio.

74 2191 110 2245 80
184 2180 234 2241 21.
265 2181 446 2242 silvestrium
460 2184 579 2261 generis
595 2183 667 2244 lolia
684 2200 742 2243 non
757 2184 894 2245 decidunt
907 2184 1007 2261 abieti,
1023 2183 1118 2261 larici,

116 2267 262 2344 pinastro,
279 2267 419 2344 iunipiro,
437 2267 543 2343 cedro,
562 2267 744 2343 terebintho,
760 2267 856 2344 buxo,
872 2267 948 2344 ilici,
964 2267 1118 2348 aquifolio,

116 2349 230 2426 suberi,
248 2357 336 2424 taxo,
358 2352 496 2411 tamarici.
526 2352 601 2410 inter
616 2359 738 2429 utraque
753 2369 864 2429 genera
880 2359 945 2411 sunt
959 2351 1151 2413 andrachleae

114 2434 142 2492 in
157 2433 280 2493 Graecia
298 2442 327 2493 et
341 2433 447 2512 ubique
464 2433 568 2493 unedo.
603 2433 717 2512 reliqua
733 2436 807 2494 enim
822 2434 894 2496 lolia
909 2434 1047 2496 decidunt
1062 2435 1118 2512 his,

115 2525 318 2594 praeterquam
332 2518 361 2575 in
377 2515 582 2577 cacuminibus.
612 2535 671 2576 non
686 2517 823 2579 decidunt
841 2528 937 2579 autem
951 2520 1022 2579 etin
1036 2518 1117 2580 fruti-

72 2607 106 2662 81
117 2617 179 2658 cum
195 2616 305 2676 genere
322 2600 433 2660 cuidam
455 2601 529 2660 rubo
551 2609 580 2660 et
601 2601 723 2661 calamo.
766 2602 798 2662 ln
816 2601 943 2664 'lhurino
958 2620 1048 2680 agro,
1070 2603 1119 2663 ubi

115 2682 234 2757 Sybaris
248 2682 316 2758 luit,
339 2701 377 2742 ex
391 2685 455 2761 ipsa
472 2683 545 2743 urbe
564 2685 798 2762 prospiciebatur
813 2703 940 2764 quercus
960 2704 1016 2747 una
1038 2703 1117 2746 num·

115 2784 198 2844 quam
218 2765 289 2826 folia
311 2764 453 2826 dimittens
475 2784 532 2826 nec
547 2775 614 2826 ante
634 2768 758 2830 mediam
779 2778 918 2829 aestatem
937 2772 1150 2847 germinansuo

113 2850 200 2928 idque
215 2850 315 2909 mirum
328 2857 373 2909 est
388 2848 508 2910 Graecis
520 2851 688 2915 auctoribus
700 2853 846 2929 proditum
857 2853 932 2932 apud
945 2871 999 2913 nos
1011 2862 1117 2932 postea

113 2933 203 2993 sileri.
236 2951 301 2993 nam
319 2934 451 2992 locorum
466 2941 542 2993 tanta
560 2934 603 2992 vis
618 2943 664 2994 est
678 2943 709 2994 ut
721 2936 799 2996 circa
815 2935 971 3016 Memphim
984 2936 1117 3016 Aegypti

113 3025 144 3074 et
156 3017 185 3075 in
200 3015 394 3095 Elephantine
409 3016 566 3077 Thebaidis
581 3017 652 3077 nulli
672 3017 807 3080 arbomm
824 3020 975 3097 decidant,
997 3039 1034 3082 ne
1050 3022 1116 3081 viti·

113 3097 167 3158 bus
183 3099 307 3176 quidem.

70 3189 105 3244 82
177 3183 227 3242 22.
252 3183 336 3263 (34.)
367 3180 493 3245 Ceterae
509 3200 610 3243 omnes
624 3195 707 3246 extra
722 3188 904 3264 praedictas,
919 3187 1027 3247 etenim
1044 3205 1114 3248 enu·
1125 3207 1150 3250 ec

112 3283 225 3325 merare
244 3267 361 3344 longum
377 3277 432 3343 est,
448 3267 519 3328 lolia
535 3266 706 3348 deperdunt,
722 3270 967 3350 observatumque
981 3287 1041 3331 non
1051 3289 1117 3333 are·

112 3368 198 3410 scere
213 3351 267 3410 nisi
290 3351 387 3410 tenuia
406 3361 435 3411 et
458 3353 516 3412 lata
540 3361 571 3410 et
591 3353 705 3431 mollia,
728 3372 803 3433 quae
819 3372 892 3415 vero
908 3372 966 3414 non
981 3354 1118 3416 decidant

113 3434 188 3494 callo
205 3452 304 3496 crassa
320 3444 350 3496 et
362 3445 483 3514 angusta
497 3453 576 3495 esse.
605 3437 680 3498 falsa
696 3438 824 3498 delinitio
840 3448 886 3500 est
901 3456 960 3498 non
974 3439 1116 3501 decidere
