2422 3840
390 211 471 258 unu.
487 210 578 258 msa.
592 212 650 260 xx.
665 208 707 261 13.
723 199 876 278 (aa—51.)
927 253 929 258 ,
1074 199 1137 262 209

134 368 262 427 caustica
276 374 330 424 est.
354 373 499 443 optumum
515 373 609 424 autern
625 363 826 442 Babylonium,
848 365 975 425 silvestri
992 366 1135 428 adomnia

135 468 170 509 ea
186 449 307 508 effeetus
322 449 422 508 maior.
865 458 868 463 ’

198 532 282 610 (51.)
295 531 327 591 ln
338 533 506 612 praecipuis
518 542 612 594 autem
622 531 859 593 medicaminibus·
869 540 931 593 ruta
944 543 998 593 est.
1015 534 1117 595 latiora
1127 545 1176 600 131

131 618 240 678 sativae
259 615 346 694 lolia,
366 618 436 676 rami
457 617 668 677 fruticosiores.
705 616 849 676 silvestris
871 615 988 677 horrida
1008 617 1042 678 ad
1065 618 1134 678 elle·

108 709 207 764 sctum
226 707 272 759 est
292 709 321 759 et
345 699 380 760 ad
398 702 491 759 omnia
508 701 613 760 acrior.
651 719 737 759 sucus
759 701 928 776 exprimitur
942 709 1026 761 tunsa
1042 710 1071 760 et
1086 703 1134 761 ad·

131 801 234 864 spersa
254 783 368 843 modice
393 801 484 861 aqua,
510 793 538 842 et
565 784 592 842 in
613 783 721 862 pyxide
744 779 851 861 Cypria
874 782 1050 843 adservatur.
1088 785 1135 844 hic

131 867 281 946 copiosior
294 866 375 926 datus
388 869 492 926 veneni
504 869 618 927 noxiam
631 869 759 945 optinet,
773 868 802 925 in
817 865 987 927 Macedonia
1002 884 1134 927 maxume

130 955 208 1013 iuxta
224 950 329 1009 llumen
345 948 554 1027 bimembrem,
567 952 743 1028 mirumque,
759 951 871 1010 cicutae
889 967 961 1009 suco
977 952 1134 1028 exstingui·

130 1046 185 1095 tur.
217 1033 291 1093 adeo
308 1037 393 1094 etiam
410 1051 587 1094 venenorum
604 1052 716 1094 venena
732 1042 812 1111 sunt,
830 1034 943 1112 quando
960 1035 1072 1095 cicutae
1088 1053 1134 1094 su·

96 1141 120 1180 ro
132 1136 182 1180 cus
201 1116 322 1197 prodest
337 1117 465 1179 manibus
483 1127 513 1178 et
528 1116 567 1160 **
587 1119 785 1196 colligentium
801 1126 900 1178 rutam.
925 1127 1025 1179 cetero
1041 1121 1115 1179 inter
1129 1129 1180 1183 133

131 1205 222 1283 prima
242 1203 380 1262 miscetur
397 1201 548 1280 antidotis,
569 1204 786 1281 praecipueque
809 1200 947 1263 Galatica.
981 1220 1134 1282 quaecum-

131 1305 187 1366 que
202 1295 297 1346 autem
310 1294 373 1345 ruta
390 1294 418 1344 et
433 1303 487 1364 per
504 1304 538 1345 se
553 1303 606 1364 pro
622 1286 750 1345 antidoto
767 1285 845 1344 valet
864 1286 942 1345 loliis
958 1288 1032 1347 tritis
1054 1296 1083 1346 et
1098 1305 1135 1346 ex

129 1373 198 1429 vino
217 1370 354 1448 sumptis,
378 1378 478 1429 contra
492 1370 635 1429 aconitum
649 1386 780 1429 maxume
795 1377 823 1428 et
837 1372 962 1448 viscum,
987 1372 1056 1430 item
1072 1371 1134 1430 lun·

132 1471 207 1531 gos,
224 1453 286 1512 sive
302 1453 330 1510 in
346 1461 417 1530 potu
433 1451 516 1512 detur
530 1453 633 1512 sivein
650 1451 727 1512 cibo.
752 1452 838 1512 simili
854 1452 940 1512 modo
957 1461 1058 1513 contra
1073 1472 1134 1512 ser-

95 1559 121 1598 15
134 1537 262 1615 pentium
282 1537 370 1611 ictus,
395 1545 494 1616 utpote
511 1554 573 1595 cum
589 1536 728 1595 mustelae
743 1535 928 1596 dimicaturae
950 1554 1014 1596 cum
1029 1536 1074 1596 his
1088 1555 1132 1596 ru·

131 1630 188 1681 tam
205 1620 283 1698 prius
300 1618 414 1697 edendo
433 1639 466 1680 se
481 1621 615 1679 muniant.
640 1618 691 1679 sed
707 1618 805 1678 valent
820 1627 849 1678 et
866 1627 965 1680 contra
980 1621 1112 1698 scorpio·
1127 1628 1178 1682 133

132 1722 197 1763 num
224 1711 253 1762 et
279 1712 380 1764 contra
405 1721 589 1779 araneorum,
620 1703 731 1782 apium,
767 1702 954 1779 crabronum,
980 1721 1135 1783 vesparum

133 1787 253 1846 aculeos
266 1794 295 1846 et
308 1788 489 1862 cantharidas
504 1805 539 1847 ac
551 1786 746 1848 salamandras
758 1789 876 1847 canisve
888 1786 997 1848 rabiosi
1009 1805 1133 1847 morsus.

132 1869 278 1931 acetabuli
304 1889 436 1931 mensura
463 1890 549 1932 sucus
576 1889 593 1931 e
613 1874 681 1932 vino
704 1869 826 1947 bibitur,
855 1879 885 1930 et
905 1871 975 1933 lolia
997 1874 1063 1932 trita
1086 1870 1134 1930 vel

96 1976 122 2016 ao
134 1954 360 2015 conmanducata
382 1958 555 2034 inponuntur
577 1973 640 2016 cum
658 1955 745 2016 melle
763 1973 799 2015 ac
815 1955 876 2015 sale
897 1956 946 2016 vel
965 1974 1028 2016 cunr
1049 1963 1133 2016 aceto

132 2048 162 2098 et
184 2041 250 2117 pice
272 2038 404 2099 decocta.
438 2056 508 2099 suco
528 2048 683 2118 perunctos
705 2047 753 2099 aut
775 2041 860 2099 etiam
875 2039 1010 2101 habentis
1027 2049 1136 2118 negant

132 2122 212 2181 leriri
227 2121 263 2181 ab
279 2122 324 2181 his
339 2121 505 2197 maleliciis,
521 2125 740 2200 serpentisque,
757 2124 782 2180 si
796 2132 894 2182 aratur
908 2132 987 2199 ruta,
1003 2123 1134 2184 nidorem

133 2207 247 2280 lugere.
283 2203 483 2263 efficacissima
508 2213 602 2263 tamen
625 2213 669 2263 est
694 2203 838 2264 silvestris
859 2204 942 2264 radix
963 2224 1026 2265 cum
1045 2208 1177 2270 vin0134

134 2295 256 2365 sumpta.
289 2285 409 2345 eandem
430 2287 555 2347 adiciunt
576 2287 771 2347 efficaciorem
792 2305 859 2347 esse
883 2287 935 2347 sub
958 2289 1005 2348 diu
1027 2298 1133 2368 potam.

97 2394 123 2432 as
133 2370 314 2447 Pythagoras
333 2378 362 2429 et
384 2371 412 2429 in
433 2370 488 2431 hac
510 2389 617 2430 marem
637 2370 793 2430 minoribus
811 2371 1006 2451 herbaceique
1026 2371 1134 2431 coloris

132 2455 211 2516 loliis
227 2472 243 2514 a
259 2453 364 2514 femina
380 2454 527 2514 discrevit.
550 2473 613 2514 eam
624 2454 792 2515 laetioribus
808 2455 887 2515 loliis
899 2465 927 2515 et
942 2456 1044 2516 colore
1059 2456 1136 2516 idem

134 2538 226 2598 oculis
242 2538 357 2597 noxiam
372 2538 492 2616 putavit,
507 2537 622 2613 falsum,
639 2540 771 2616 quoniam
783 2540 947 2618 scalptores
963 2549 992 2599 et
1005 2542 1135 2618 pictores

132 2623 190 2682 hoc
206 2618 271 2679 cibo
286 2629 401 2680 utuntur
418 2621 567 2681 oculorum
584 2639 671 2681 causa
688 2639 751 2680 cum
768 2640 843 2701 pane
858 2623 905 2684 vel
919 2626 1070 2701 nasturtio,
1088 2641 1135 2684 ca·

134 2721 205 2783 prae
222 2719 338 2781 quoque
355 2703 506 2776 silvestres
521 2713 644 2783 propter
658 2707 766 2782 visum,
785 2715 815 2766 ut
830 2708 915 2767 aiunt.
945 2708 1025 2768 multi
1042 2726 1113 2768 suco
1125 2716 1177 2769 135

97 2807 122 2847 eo
134 2789 196 2848 eius
213 2803 275 2846 cum
291 2786 377 2847 melle
393 2788 491 2848 Attico
506 2790 614 2848 inuncti
632 2789 830 2850 discusserunt
843 2791 993 2870 caligines,
1008 2792 1058 2853 vel
1072 2811 1135 2853 cum

132 2873 209 2933 lacte
230 2869 358 2934 mulieris
375 2889 495 2950 puerum
510 2875 632 2948 enixae,
650 2872 699 2934 vel
716 2892 788 2952 puro
811 2893 882 2935 suco
903 2876 1016 2953 angulis
1033 2876 1133 2936 oculo·

131 2973 193 3016 rum
208 2955 302 3014 tactis.
327 2955 483 3033 epiphoras
500 2975 564 3017 cum
580 2956 696 3036 polenta
710 2959 835 3035 inposita
848 2958 934 3036 lenit,
949 2961 1017 3019 item
1033 2961 1135 3038 capitis

132 3039 253 3101 dolores
276 3046 344 3116 pota
366 3055 430 3098 cum
451 3041 517 3099 vino
539 3050 587 3100 aut
609 3058 671 3100 cum
694 3049 778 3101 aceto
802 3051 831 3102 et
851 3060 977 3103 rosaceo
998 3043 1092 3120 inlita,
1110 3044 1135 3102 si

132 3141 204 3183 vero
224 3123 261 3182 sit
279 3122 454 3200 cephalaea,
474 3141 538 3184 cum
558 3123 649 3184 farina
670 3123 835 3186 hordeacea
855 3136 883 3186 et
899 3136 994 3186 aceto.
1030 3127 1131 3187 eadem

99 3227 125 3269 aa
133 3205 289 3267 cruditates
305 3207 421 3267 discutit
437 3224 505 3267 mox
523 3216 551 3267 et
568 3207 741 3285 inflationes,
761 3209 882 3270 dolores
898 3210 1038 3270 stomachi
1053 3220 1133 3269 vete·

132 3308 191 3350 res.
219 3289 321 3350 volvas
339 3293 433 3370 aperit
450 3292 627 3369 corrigitque
642 3309 801 3353 conversas
817 3294 896 3365 inlita
911 3296 940 3354 in
955 3294 1042 3353 melle
1054 3302 1115 3352 toto
1125 3302 1176 3359 136

133 3381 235 3432 ventre
252 3383 281 3434 et
298 3384 429 3453 pectore.
462 3375 630 3453 hydropicis
646 3394 709 3436 cum
725 3376 781 3437 lico
800 3387 829 3438 et
851 3378 975 3438 decocta
997 3376 1032 3437 ad
1055 3377 1132 3435 dimi·

132 3455 194 3515 dias
210 3459 299 3534 partis
316 3468 443 3539 potaque
458 3478 496 3519 ex
510 3460 587 3519 vino.
611 3461 655 3520 sic
666 3459 772 3521 bibitur
784 3471 813 3520 et
824 3459 1152 3538 adpectorishoxoxes

174 3559 246 3600 ram.
259 3560 321 3602 unr.
338 3562 407 3604 arsr.
423 3548 469 3605 llI.
950 3541 1001 3597 ht„
1024 3619 1034 3637 .
