2422 3840
314 210 394 257 unu.
410 210 501 258 ausu.
518 210 605 256 xvir:
623 207 708 260 5—8.
729 198 848 275 (3-4.)
1053 197 1093 258 53

93 381 165 442 agro
182 371 312 438 utuntur,
335 362 386 422 sed
407 371 513 422 tantum
537 363 565 421 in
587 363 681 423 umida
704 363 865 441 frigidaque
888 372 975 423 terra.
1012 362 1136 427 lllamlss

94 448 203 508 Gallias
219 445 438 524 Britanniasque
458 446 682 524 locupletantem
705 465 767 505 cum
791 465 859 506 cura
875 447 931 506 dici
947 449 1090 507 convenit.

95 531 152 591 duo
167 547 276 607 genera
292 529 414 590 fuerant.
449 531 532 608 plura
549 548 642 608 nuper
657 532 791 590 exerceri
809 540 914 608 coepta
938 531 1092 609 prolicien-

94 614 170 674 tibus
188 615 319 691 ingeniis.
357 623 402 673 est
419 616 494 673 enim
518 614 601 689 alba,
622 615 704 690 ruia,
726 613 904 689 columbina,
923 614 1091 691 argillacea‚

72 699 223 772 storacem
239 698 413 757 harenacea.
443 708 543 758 natura
558 698 684 775 duplex,
701 714 807 775 aspera
822 706 870 758 aut
886 699 1008 776 pinguis.
1042 717 1091 757 ex·

94 784 254 862 perimenta
277 783 425 859 utriusque
447 783 596 856 inmane,
622 799 750 859 ususque
772 783 921 857 geminus,
944 790 973 839 ut
993 781 1093 857 iruges

94 875 201 926 tantum
223 865 299 926 alant
323 874 371 924 aut
391 866 512 925 eaedem
533 875 564 925 et
587 865 732 944 pabulum.
769 863 882 941 Fruges
904 865 954 924 alit
977 862 1137 926 tofacea44

95 950 160 1010 alba
176 967 267 1028 quae,
289 952 313 1008 si
332 950 368 1008 sit
383 951 458 1008 inter
471 949 560 1009 fontis
575 959 704 1027 reperta,
722 957 766 1007 est
780 949 816 1008 ad
829 949 965 1007 inlinitum
977 947 1092 1022 fertilis,

94 1052 194 1094 verum
217 1051 323 1112 aspera
346 1042 484 1109 tractatu,
508 1035 533 1093 si
559 1035 644 1093 nimia
664 1034 770 1093 iniecta
793 1041 853 1108 est,
876 1032 970 1091 exurit
990 1031 1092 1091 solum.

60 1131 234 1196 roproxuma
257 1126 302 1176 est
322 1117 401 1193 rufa,
429 1135 503 1196 quae
528 1126 650 1177 vocatur
676 1133 901 1194 acaunumarga,
927 1117 1093 1175 intermixto

94 1201 191 1280 lapide
206 1209 303 1261 terrae
319 1203 454 1276 minutae,
471 1201 644 1261 harenosae.
682 1200 756 1277 lapis
779 1199 960 1259 contunditur
983 1199 1092 1278 inipso

95 1301 214 1362 campo,
235 1285 393 1362 primisque
415 1286 495 1344 annis
519 1284 624 1363 stipula
642 1283 798 1346 difficulter
820 1284 949 1342 caeditur
972 1292 1094 1360 propter

94 1368 215 1446 lapides.
257 1368 394 1446 inpendio
421 1377 515 1427 tamen
541 1369 665 1426 minumo
692 1367 809 1426 levitate
836 1365 951 1425 dimidio
976 1367 1093 1425 minoris

95 1469 179 1529 quam
195 1459 311 1511 ceterae
328 1450 480 1510 invehitur.
510 1451 686 1528 inspergitur
701 1465 776 1509 rara.
808 1448 869 1508 sale
892 1466 955 1507 eam
978 1449 1094 1507 misceri

59 1543 204 1613 reputant.
233 1543 383 1612 utrumque
399 1533 457 1593 boc
472 1551 565 1610 genus
580 1534 671 1591 semel
685 1533 819 1591 iniectum
834 1533 863 1591 in
878 1544 899 1590 1.
913 1547 1003 1591 anuos
1016 1531 1094 1591 valet

96 1627 125 1678 et
139 1618 252 1694 frugum
267 1626 296 1676 et
311 1616 408 1695 pabuli
424 1616 567 1676 ubertate.

159 1698 187 1784 β.
211 1700 293 1773 Quae
308 1702 431 1778 pingues
447 1718 513 1760 esse
529 1700 704 1774 sentiuntur,
727 1717 764 1758 ex
777 1699 821 1758 his
837 1699 995 1777 praecipua
1012 1698 1088 1758 alba.
1100 1707 1135 1760 45

59 1808 68 1823 ·
94 1785 176 1863 plura
192 1785 254 1843 eius
269 1802 393 1861 genera:
417 1778 662 1844 mordacissimum
680 1783 758 1860 quod
779 1801 866 1861 supra
889 1782 1020 1842 diximus.
1050 1781 1089 1842 al·
1102 1799 1126 1835 ιι

94 1878 187 1927 terum
203 1885 296 1945 genus
312 1868 394 1928 albae
414 1877 493 1928 creta
509 1866 672 1944 argentaria
693 1875 746 1925 est.
783 1868 889 1944 petitur
911 1885 948 1926 ex
971 1866 1047 1942 alto,
1065 1867 1094 1924 in

59 1970 86 2012 ao
96 1961 236 2011 centenos
253 1952 344 2031 pedes
362 1953 433 2012 actis
450 1953 621 2030 plerumque
635 1952 741 2028 puteis.
770 1967 822 2010 ore
838 1959 1005 2027 angustatur
1018 1951 1093 2009 intus

94 2043 125 2094 ut
139 2036 167 2094 in
188 2035 311 2094 metallis
328 2037 470 2113 spatiante
486 2053 570 2095 vena.
601 2035 657 2094 hac
679 2052 810 2094 maxume
831 2033 974 2093 Britannia
997 2035 1091 2094 utitur.

96 2118 178 2178 durat
198 2119 278 2177 annis
299 2131 405 2179 Lxxx.
441 2137 538 2197 neque
560 2126 604 2177 est
625 2118 788 2196 exemplum
810 2117 897 2176 ullius
923 2119 971 2195 qui
993 2118 1037 2176 bis
1065 2119 1094 2176 iu

95 2203 152 2261 vita
176 2202 249 2260 banc
274 2201 367 2260 eidem
393 2203 535 2262 iniecerit.
578 2203 691 2260 tertium
716 2218 809 2277 genus
835 2201 974 2260 candidae
997 2201 1135 2277 gliso-ld

96 2301 223 2360 mergam
238 2294 352 2345 vocant.
382 2294 426 2345 est
440 2295 535 2345 autem
551 2292 631 2343 creta
645 2284 764 2344 fullonia
785 2287 874 2343 mixta
890 2286 988 2361 pingui
1003 2292 1092 2359 terra,

60 2387 86 2427 ns
97 2367 194 2446 pabuli
206 2385 291 2446 quam
303 2367 414 2447 frugum
427 2369 561 2444 fertilior,
573 2370 613 2428 ita
625 2377 654 2427 ut
665 2386 761 2427 messe
774 2367 887 2427 sublata
902 2376 967 2427 aute
980 2385 1092 2426 sernen-

95 2459 152 2510 tem
169 2450 289 2512 alteram
308 2453 492 2513 laetissimum
509 2461 636 2512 secetur.
671 2451 735 2511 dum
753 2453 781 2510 iu
798 2452 883 2528 iruge
900 2460 961 2529 est,
985 2450 1093 2510 nullum

97 2534 171 2594 aliud
187 2553 306 2613 gramen
322 2537 430 2595 emittit.
458 2536 540 2595 durat
555 2549 629 2593 xxx
642 2536 732 2594 annis.
758 2535 875 2595 densior
892 2536 967 2594 iusto
983 2535 1093 2611 Signini

96 2617 182 2678 modo
208 2618 367 2694 strangulat
392 2618 494 2678 solum.
539 2615 737 2677 columbinam
764 2617 873 2677 Galliae
900 2634 952 2677 suo
978 2618 1092 2676 nomine

98 2701 300 2778 eglecopalam
327 2701 484 2778 appellant.
533 2700 648 2778 glaebis
674 2701 816 2759 excitatur
842 2700 967 2778 lapidum
994 2700 1092 2774 modo,

61 2784 161 2846 acsole
185 2793 214 2842 et
235 2784 382 2860 gelatione
404 2785 443 2844 ita
461 2783 582 2844 solvitur
602 2792 631 2842 ut
648 2784 829 2843 tenuissimas
848 2783 977 2843 bratteas
995 2783 1092 2842 faciat.

96 2868 170 2927 haec
186 2886 223 2926 ex
240 2884 335 2944 aequo
352 2866 465 2927 fertilis.
496 2866 666 2927 llarenacea
681 2875 806 2942 utuntur,
822 2868 845 2925 si
861 2866 917 2927 alia
931 2885 988 2926 uon
1003 2867 1049 2940 sit,
1066 2866 1135 2930 iuli

95 2952 247 3028 oliginosis
263 2967 335 3010 vero
353 2959 383 3010 et
407 2953 430 3010 si
447 2950 502 3010 alia
517 2952 565 3010 sit.
598 2950 690 3011 Ubios
712 2952 839 3029 gentium
860 2951 942 3010 solos
962 2951 1094 3009 novimus

96 3037 144 3113 qui
159 3033 366 3094 fertilissimum
380 3052 479 3111 agrum
493 3035 624 3094 colentes
633 3052 813 3113 quacumque
826 3041 904 3093 terra
915 3032 988 3093 infra
999 3033 1093 3112 pedes

95 3119 147 3178 tris
163 3118 270 3178 effossa
293 3126 322 3177 et
344 3118 441 3197 pedali
457 3119 648 3178 crassitudine
666 3119 771 3178 iniecta
792 3118 958 3177 laetificent.
991 3118 1093 3178 sedeo

60 3219 154 3265 conon
174 3203 278 3262 diutius
294 3203 374 3261 annis
390 3216 415 3261 x
430 3201 560 3281 prodest.
595 3201 687 3261 liedui
708 3211 737 3261 et
756 3201 891 3261 Pictones
909 3201 992 3261 calce
1007 3201 1093 3260 uber·

96 3287 184 3346 rimos
200 3285 299 3346 iecere
315 3303 420 3364 agros,
443 3302 518 3363 quae
542 3303 612 3344 sane
629 3294 658 3344 et
673 3285 928 3363 oleisvitibusque
944 3285 1093 3344 utilissima

96 3371 251 3447 reperitur.
283 3369 380 3430 Omnis
397 3378 492 3430 autern
507 3386 605 3446 marga
626 3377 706 3429 arato
726 3368 869 3428 inicienda
884 3377 930 3428 est
949 3376 980 3426 ut
1001 3365 1089 3424 medi·
1101 3372 1136 3426 48

97 3461 257 3512 cementum
270 3455 414 3532 rapiatur,
440 3462 469 3513 et
488 3452 544 3512 fimi
566 3452 714 3512 desiderat
733 3451 953 3529 aliquantum
971 3459 1118 3519 om&
