2422 3840
182 178 222 239 64
528 186 558 234 c.
575 185 670 232 anun
686 183 835 232 succum

182 343 238 403 culi
255 349 398 420 petuntur.
432 340 506 399 oleis
522 340 600 399 circa
614 336 708 397 media
721 356 819 412 sucus,
836 337 902 398 iude
919 344 949 395 et
958 335 1075 395 surculi.
1093 353 1180 396 cacu-

140 435 192 489 104
202 426 276 484 mina
291 425 396 484 sitiunt.
423 423 560 482 facillime
577 422 745 482 coalescunt
760 420 862 500 quibus
878 419 981 480 eadem
998 419 1114 478 corticis
1130 437 1180 478 na·

181 519 243 568 tura
265 526 398 586 quaeque
426 508 535 584 pariter
555 506 687 566 florentia
709 504 837 564 eiusdem
862 501 952 562 horae
976 504 1181 578 cognationem

182 609 372 670 sucorumque
388 592 558 650 societatem
574 590 690 650 habent.
720 589 798 648 lenta
813 606 861 646 res
876 596 935 663 est,
961 586 1095 665 quotiens
1109 589 1179 645 umi-

182 676 225 734 dis
242 684 405 753 repugnant
419 674 509 750 sicca,
526 673 661 733 mollibus
677 673 816 732 corticum
837 670 908 730 duri.
942 670 1054 748 reliqua
1077 670 1205 729 obser-⁵

181 760 260 819 vatio
272 777 308 817 ue
320 759 423 819 fissura
431 761 459 817 iu
471 759 547 818 nodo
559 757 607 816 liat
619 791 662 801 -
678 756 809 834 repudiat
823 756 930 833 quippe
945 752 1084 812 advenam
1097 753 1180 814 iulro·

184 844 294 920 spitalis
312 843 431 918 duritia,
447 877 489 887 -
505 851 534 900 ut
552 842 579 900 in
600 849 683 919 parte
705 837 889 913 nitidissima,
912 856 949 897 nc
970 836 1086 912 longior
1107 837 1179 896 mul·

140 937 189 988 105
202 935 232 986 to
253 926 345 985 tribus
362 926 474 1002 digitis,
498 943 535 984 ne
558 924 692 1003 obliqua,
713 941 750 981 ne
770 922 961 981 translucens.
991 920 1138 996 Vergilius
1161 939 1179 979 e

182 1011 329 1068 cacumine
356 1009 445 1067 inseri
470 1017 565 1082 vetat,
594 1016 762 1084 certumque
792 1014 838 1064 est
860 1004 897 1064 ab
918 1005 1025 1064 umeris
1043 1003 1179 1064 arborum

130 1114 153 1155 ο
183 1093 322 1151 orientem
337 1094 477 1151 aestivum
493 1090 692 1169 spectantibus
705 1089 838 1149 surculos
853 1088 1007 1165 petendos,
1024 1095 1053 1146 et
1069 1105 1085 1146 e
1102 1089 1178 1147 lera-
1190 1102 1210 1142 ιι

183 1175 263 1233 cibus
280 1183 310 1234 et
324 1193 341 1234 e
359 1177 489 1251 germine
501 1175 636 1248 novello,
655 1174 709 1232 nisi
725 1174 861 1232 vetustati
875 1173 988 1232 arboris
1005 1173 1176 1232 inserantur.

181 1259 200 1316 ii
217 1259 291 1316 euim
306 1259 486 1318 robustiores
499 1275 566 1316 esse
579 1257 694 1318 debent.
718 1265 870 1334 praeterea
882 1265 911 1315 ut
923 1263 1109 1333 praegnates,
1121 1255 1179 1314 hoc

182 1350 227 1400 est
241 1344 434 1418 gemmatione
446 1350 595 1417 turgentes
611 1349 639 1399 et
655 1343 703 1418 qui
717 1358 822 1418 parere
833 1340 884 1400 illo
898 1341 1080 1417 speraverint
1091 1356 1177 1415 anno,

140 1434 190 1488 106
202 1424 268 1484 bimi
282 1426 381 1504 utique
397 1444 451 1485 nec
467 1427 615 1485 tenuiores
631 1423 720 1500 digito
737 1425 871 1483 minuma.
904 1425 1067 1482 inseruntur
1082 1432 1178 1483 autem

182 1518 210 1568 ct
226 1511 350 1585 inversi,
368 1528 431 1569 cum
451 1510 479 1569 id
496 1511 590 1586 agitur
611 1517 641 1567 ut
657 1511 749 1567 minor
765 1507 884 1567 altitudo
905 1508 934 1566 in
949 1506 1124 1567 latitudinem
1142 1525 1177 1566 se
1191 1523 1211 1561 ι

181 1592 288 1651 lundat.
320 1603 386 1652 ante
399 1594 491 1652 omnia
504 1593 674 1669 gemmantis
689 1592 782 1650 nitere
799 1592 961 1666 conveniet,
978 1589 1046 1649 ntutl
1059 1609 1178 1668 usquam

181 1677 347 1735 ulcerosum
369 1695 437 1736 esse
461 1686 509 1735 aut
531 1675 712 1736 retorridum.
744 1675 809 1752 spei
831 1674 911 1734 favet
926 1672 1051 1734 medulla
1075 1674 1179 1734 calami

182 1760 399 1831 commissurae,
417 1761 440 1818 si
456 1761 485 1817 in
500 1768 595 1838 matre
607 1759 676 1834 ligni
692 1759 868 1837 corticisque
885 1761 1027 1835 iungatur.
1060 1757 1088 1816 id
1103 1760 1179 1817 enim

182 1844 269 1901 satius
287 1860 369 1920 quam
385 1841 456 1902 foris
474 1842 575 1901 cortici
591 1843 717 1919 aequari.
749 1841 851 1901 calami
873 1843 1007 1901 exacutio
1023 1841 1178 1903 medullam

170 1933 216 1983 'ue
232 1925 328 1984 nudet.
343 1935 438 1985 tamen
450 1925 526 1984 tenui
541 1925 635 1985 fistula
647 1924 774 2002 detegat,
784 1934 815 1984 ut
826 1925 972 2003 fastigatio
986 1925 1175 1986 levidescen·
1187 1946 1209 1985 ιι

181 2008 228 2066 dat
244 2025 336 2066 cuneo
354 2008 444 2066 tribus
457 2026 515 2067 non
534 2009 675 2086 ampliore
695 2009 802 2085 digitis,
817 2010 894 2086 quod
907 2009 1045 2077 facillime
1065 2010 1176 2069 contiu-

137 2099 187 2154 107
195 2091 236 2166 git
249 2090 365 2150 tinctum
377 2109 451 2168 aqua
463 2092 639 2152 radentibus.
657 2111 693 2151 ne
706 2101 863 2152 exacuatur
874 2093 902 2152 in
913 2102 1012 2168 vento,
1025 2111 1061 2152 nc
1074 2102 1177 2152 cortex

179 2172 289 2250 aligno
307 2174 429 2234 decedat
451 2176 591 2236 alterutri.
625 2176 751 2236 calamus
768 2176 803 2236 ad
823 2178 962 2236 corticem
983 2195 1075 2255 usque
1093 2195 1176 2236 suum

179 2257 363 2335 deprimatur.
391 2277 427 2317 ue
443 2260 577 2336 laxetur,
600 2260 664 2319 dum
679 2260 862 2339 deprimitur,
877 2279 951 2320 neve
970 2269 1072 2320 cortex
1086 2260 1174 2337 repli-

179 2351 260 2400 cetur
279 2343 307 2400 in
328 2361 426 2420 rugas.
455 2344 522 2403 ideo
535 2345 710 2404 lacrimantis
727 2345 852 2403 calamos
879 2344 967 2402 inseri
982 2361 1039 2403 non
1056 2352 1198 2422 oporteta

178 2442 245 2499 non,
258 2424 510 2503 Hercules,magis
524 2446 606 2505 quam
619 2427 726 2503 aridos,
738 2429 803 2505 quia
818 2426 869 2486 illo
883 2427 969 2487 modo
985 2427 1064 2488 labat
1075 2444 1175 2487 umore

177 2509 262 2567 nimio
280 2519 397 2584 cortex,
422 2511 478 2570 hoc
493 2510 572 2570 vitali
595 2510 712 2570 delectu
731 2501 926 2571 non‘umescit
940 2530 1035 2591 neque
1052 2528 1174 2570 concor·

136 2599 186 2654 108
198 2601 289 2669 porat.
313 2593 340 2652 id
357 2595 441 2653 ctiam
452 2594 601 2670 religionis
614 2603 740 2670 servant,
753 2603 783 2654 ut
799 2594 866 2654 luna
878 2603 1044 2672 crescente,
1055 2603 1086 2654 nt
1098 2594 1174 2653 cala·

176 2692 239 2733 mus
248 2685 369 2753 utraque
385 2678 560 2755 deprimatur
573 2695 666 2737 manu.
693 2687 722 2737 et
736 2678 863 2756 alioquiri
880 2678 938 2739 hoc
952 2680 1084 2756 inopere
1100 2679 1175 2738 duae

178 2759 261 2818 simul
273 2778 372 2818 manus
389 2762 480 2819 minus
494 2762 629 2834 nituntur,
645 2763 815 2820 necessario
835 2770 1073 2840 temperamento.
1102 2761 1174 2820 vali·
1186 2783 1208 2823 a·

177 2840 239 2901 dius
251 2843 366 2902 demissi
378 2844 486 2903 tardius
497 2843 603 2918 ferunt,
611 2844 713 2904 lortius
725 2845 836 2920 durant,
845 2847 988 2906 contraria
997 2864 1035 2905 ex
1044 2845 1173 2905 diverso.

172 2943 213 2984 me
231 2927 323 2986 hiscat
339 2927 452 2985 nimium
467 2929 538 2987 rima
552 2927 677 3004 laxeque
692 2929 797 3006 capiat,
810 2938 858 2988 aut
871 2947 908 2988 ne
921 2947 1020 3007 parum
1037 2936 1066 2988 et
1077 2929 1175 3005 expri-

175 3017 234 3081 mat
252 3017 299 3068 aut
317 3027 506 3087 conpressum
520 3018 614 3069 necet.
647 3010 704 3071 hoc
721 3029 852 3072 maxume
872 3014 1030 3074 cavendum
1047 3012 1075 3070 in
1089 3029 1175 3090 prae-

134 3091 286 3153 109valide
299 3092 469 3170 accipientis
483 3102 595 3153 trunco.
612 3093 640 3153 in
651 3096 745 3155 media
757 3096 859 3157 fissura
873 3096 1044 3176 relinquant.
1061 3095 1176 3173 quidam

174 3175 299 3250 vestigio
312 3173 433 3236 fissurae
451 3176 528 3236 lalce
548 3178 699 3238 intraneis
715 3180 793 3239 lacto
814 3180 904 3240 salice
922 3180 1084 3258 praeligant
1099 3196 1173 3239 mar·
1186 3198 1210 3239 a·

175 3259 271 3334 ginem
289 3258 398 3334 ipsum,
421 3268 523 3337 postea
540 3278 632 3320 cuneo
650 3262 757 3323 dudunt
772 3265 937 3324 continente
953 3263 1069 3323 vinculo
1086 3261 1175 3322 liber-

175 3350 262 3400 tatem
283 3340 463 3403 dehiscendi.
503 3344 642 3423 quaedam
666 3347 695 3405 in
722 3347 864 3425 plantario
890 3347 976 3408 insita
1000 3346 1103 3406 eodem
1128 3347 1175 3406 die

174 3423 392 3485 transferuntur.
420 3426 444 3486 si
465 3428 593 3488 crassior
613 3437 730 3489 truncus
752 3430 911 3507 inseratur,
932 3432 1008 3491 inter
1035 3431 1177 3493 corticem
