2422 3840
113 182 154 245 86
471 193 776 241 commonemini

113 347 204 407 tribus
226 348 262 408 de
286 349 396 407 causis:
426 365 481 406 una
507 349 535 406 vi
561 348 772 425 tempestatium
795 346 971 424 germinibus
994 346 1113 424 ablatis,

114 433 220 505 altera,
248 441 277 489 ut
290 432 399 491 notavit
420 430 654 509 Theophrastus,
678 433 707 489 in
728 432 859 508 supinum
879 430 1003 506 excisis,
1027 434 1115 492 tertia

113 514 241 574 culturae
256 515 389 593 inperitia
411 514 508 573 laesis.
541 514 648 573 Omnes
671 532 769 575 earum
789 515 908 573 iniuriae
933 514 961 572 in
982 514 1113 574 articulis

114 600 280 657 sentiuntur.
311 597 494 657 siderationis
507 616 600 674 genus
622 607 666 658 est
681 599 709 656 in
724 597 767 656 bis
786 597 1048 658 deflorescentibus
1063 615 1112 659 ro·

113 682 197 759 ratio,
214 691 261 741 aut
274 699 337 741 cum
349 681 423 741 acini
436 683 601 760 priusquam
613 690 747 741 crescant
757 681 936 741 decocuntur
950 681 979 739 in
994 681 1112 741 callum.
1127 697 1140 736 c

112 773 266 841 aegrotant
282 775 312 824 et
327 783 391 824 cum
406 765 513 840 alsere,
525 765 612 825 laesis
627 764 747 824 uredine
758 774 934 825 attonsarum
949 764 1054 824 oculis.
1082 774 1115 825 et

13 858 16 863 ·
114 848 213 907 calore
228 849 285 909 boc
301 851 398 908 evenit
415 849 635 927 intempestivo,
659 849 793 927 quoniam
819 849 913 908 omnia
932 847 1018 907 modo
1042 864 1113 909 con·

71 939 122 994 bat
134 940 209 991 stant
228 942 369 1010 certoque
390 941 628 1010 temperamento.
659 931 743 991 Fiant
765 941 794 990 et
813 931 899 1010 culpa
921 932 994 990 uitia·
1011 930 1113 990 colen·

71 1036 106 1070 scs
119 1016 203 1089 tium,
225 1033 289 1075 cum
306 1016 570 1092 praestringuntur,
588 1024 618 1075 ut
633 1014 740 1074 dictum
755 1023 817 1089 est,
840 1023 888 1074 aut
905 1014 1114 1074 circumfossor

114 1099 251 1156 iniurioso
269 1100 328 1157 ictu
343 1097 519 1173 verberavit,
530 1099 578 1158 vel
594 1099 678 1158 etiam
693 1097 846 1158 subarator
861 1098 1017 1176 inprudens
1031 1097 1113 1158 luxa·
1123 1111 1149 1153 ro

113 1182 153 1239 vit
169 1180 283 1239 radices
300 1198 445 1258 corpusve
462 1181 670 1260 desquamavit.
706 1190 751 1240 cst
772 1191 801 1240 et
819 1181 959 1260 quaedam
978 1182 1112 1242 contusio

76 1328 78 1331 ,
114 1262 197 1322 lalcis
217 1263 387 1323 hebetioris.
423 1264 525 1343 quibus
547 1264 676 1324 omnibus
699 1265 795 1324 causis
819 1263 964 1324 difficilius
986 1263 1113 1325 tolerant

114 1346 223 1424 frigora
240 1357 287 1407 aut
302 1357 411 1423 aestus,
428 1349 561 1426 quoniam
576 1351 604 1407 in
619 1349 700 1408 ulcus
717 1356 851 1426 penetrat
871 1348 971 1408 iniuria
987 1348 1079 1406 omnis
1095 1366 1113 1408 ιι

115 1430 195 1489 ioris.
227 1431 416 1490 infirmissima
440 1449 510 1490 vero
533 1432 624 1491 malus
641 1449 831 1510 maxumeque
854 1448 928 1509 qnae
946 1431 1039 1491 dulcis
1054 1439 1111 1491 est.

71 1521 123 1577 228
135 1513 311 1587 Quibusdam
329 1514 463 1575 debilitas
478 1514 676 1591 sterilitatem,
697 1531 754 1574 non
776 1531 879 1573 necem
901 1514 1014 1591 adfert,
1034 1523 1065 1574 nt
1086 1515 1112 1574 si
1123 1529 1148 1571 ιι

115 1598 178 1676 quis
192 1599 259 1675 pino
274 1616 411 1658 cacumen
423 1599 534 1658 auferat
544 1599 592 1658 vel
606 1598 729 1678 palmae.
757 1597 942 1657 sterilescunt
956 1599 1042 1673 enim,
1055 1615 1113 1657 nec

114 1682 280 1740 moriuntur.
317 1680 479 1759 Aegrotant
500 1682 653 1759 aliquando
677 1691 706 1740 et
727 1698 811 1759 poma
833 1682 896 1759 ipsa
917 1699 973 1759 per
992 1700 1026 1741 se
1047 1683 1112 1740 sine

115 1764 231 1839 arbore,
248 1765 272 1823 si
288 1765 463 1823 necessariis
479 1765 657 1842 temporibus
673 1763 780 1823 imbres
797 1773 845 1824 aut
859 1773 977 1842 tepores
994 1765 1044 1825 vel
1059 1764 1111 1825 ad-

115 1846 197 1905 datus
222 1846 343 1906 defuere
366 1855 413 1907 aut
438 1856 538 1907 contra
565 1847 760 1907 abundavere.
803 1847 939 1907 decidunt
965 1849 1112 1907 animant

113 1930 260 1988 deteriora
277 1930 355 1987 liunt.
389 1948 554 2008 pessumum
569 1940 614 1989 est
630 1932 703 1990 inter
718 1932 823 2006 omnia,
837 1948 899 1990 cum
912 1931 1110 1992 deflorescen·
1121 1945 1149 1985 ω

115 2021 172 2069 tem
191 2013 278 2070 vitem
295 2021 322 2070 et
339 2013 433 2072 oleam
457 2015 602 2091 percussit
624 2013 731 2090 imber,
755 2016 887 2092 qnoniam
907 2014 991 2074 simul
1012 2014 1112 2074 deluit

72 2102 124 2156 me
136 2094 255 2153 fructus.
280 2094 320 2173 [i]
335 2096 405 2155 Sunt
418 2115 455 2154 ex
467 2097 568 2156 eadem
584 2115 671 2157 causa
685 2107 839 2157 nascentes
848 2106 878 2156 et
888 2115 1006 2173 mucce,
1019 2098 1111 2159 dirum

115 2178 227 2251 animal,
244 2179 423 2258 eroduntque
438 2180 586 2256 frondem,
603 2181 676 2241 aliae
692 2182 808 2257 dorem,
826 2180 963 2241 olivarnm
981 2197 1110 2260 quoque,

115 2271 145 2320 ut
160 2262 188 2320 in
202 2260 315 2338 Mileto,
331 2282 365 2322 ac
382 2264 529 2342 depastam
545 2264 679 2324 arborem
693 2267 769 2343 turpi
785 2264 860 2323 facie
875 2265 1027 2325 relincunt.
1060 2281 1110 2323 na·

114 2347 204 2404 scitur
218 2345 275 2405 hoc
290 2347 393 2406 malum
410 2356 513 2427 tepore
528 2348 623 2408 umido
637 2358 667 2408 et
682 2348 771 2407 lento.
804 2348 835 2406 m
847 2347 923 2408 alind
939 2367 977 2407 err
992 2347 1109 2430 eodem,
1120 2362 1149 2404 aa

115 2430 139 2487 si
155 2429 200 2487 sol
220 2431 315 2489 acrior
329 2431 476 2490 insecutus
497 2432 598 2490 inussit
617 2432 710 2509 ipsum
725 2432 821 2490 vitium
842 2432 1111 2511 ideoqnetmutarit.

114 2511 168 2570 Est
193 2513 343 2571 etiamnum
372 2514 520 2591 peculiare
545 2513 630 2573 olivis
662 2524 691 2573 et
710 2513 814 2573 vitibus
836 2550 880 2559 —
898 2532 1033 2574 araneum
1059 2531 1110 2573 vo·

116 2603 246 2668 cant—,
272 2613 334 2654 cum
364 2597 450 2657 veluti
477 2597 555 2657 telae
581 2598 729 2657 involvont
754 2597 876 2657 lructum
900 2607 930 2657 et
949 2597 1109 2657 absumunt.

72 2687 125 2740 230
138 2676 269 2736 Adurunt
287 2687 316 2736 et
332 2679 415 2738 ilatus
431 2681 545 2757 quidam
563 2699 614 2740 eas
629 2698 770 2756 maxume,
786 2681 839 2740 sed
855 2690 885 2740 et
899 2681 973 2741 alios
988 2681 1109 2741 fructus.

114 2779 178 2821 nam
193 2761 457 2821 vermiculationem
479 2773 509 2822 et
529 2781 613 2840 poma
638 2766 701 2841 ipsa
717 2782 770 2841 per
790 2783 824 2823 se
845 2764 1013 2841 quibusdam
1029 2765 1148 2824 annisso

115 2846 239 2903 sentiunt
253 2844 337 2919 mala,
355 2847 427 2922 pira,
443 2847 575 2924 mespila,
593 2848 707 2923 punica.
731 2847 847 2907 inolita
860 2849 978 2926 ancipiti
993 2856 1110 2922 eventu,

115 2928 229 3006 qnando
246 2927 299 2987 sub
316 2937 381 2988 cute
397 2930 454 2988 nati
471 2929 592 2988 fructum
608 2930 742 3008 adimunt,
759 2941 876 3007 augent,
892 2931 917 2989 si
935 2929 1045 3009 inipso
1059 2948 1110 2989 uu·

116 3010 180 3069 cleo
196 3011 279 3070 inere
297 3011 452 3072 erodentes
470 3030 543 3071 cum.
567 3010 649 3090 Gigni
659 3013 726 3073 illos
742 3014 896 3092 probibent
908 3014 1023 3093 pluviae
1036 3031 1111 3091 quae

116 3094 183 3152 liunt
199 3103 265 3170 post
279 3104 431 3155 arcturum.
460 3095 580 3156 eaedem
601 3097 625 3156 si
646 3099 790 3158 austrinae
811 3098 910 3174 inere,
926 3106 1067 3174 generant
1083 3098 1112 3155 in

115 3176 234 3254 druppis
253 3195 379 3255 quoque,
394 3196 470 3257 quae
484 3187 711 3240 maturescentes
727 3190 784 3241 tum
799 3189 864 3241 sunt
884 3182 1043 3258 praecipue
1063 3198 1110 3240 ca·
1121 3195 1150 3237 cc

72 3271 124 3324 231
137 3259 238 3320 ducac.
270 3260 298 3319 id
312 3263 400 3338 riguis
415 3266 506 3340 magis
525 3265 636 3340 evcnit,
658 3265 840 3325 etiamsinon
856 3263 1008 3338 cecidere,
1030 3263 1110 3322 iasti-

114 3344 236 3404 diendis.
267 3344 337 3404 Sunt
359 3354 388 3405 et
409 3345 530 3406 culicum
547 3365 656 3423 genera
674 3348 776 3425 aliquis
795 3346 933 3420 molesta,
951 3355 982 3405 ut
997 3347 1110 3423 glandi·

115 3426 185 3504 bus,
208 3426 280 3503 lico,
300 3430 349 3507 qni
370 3430 501 3489 videntur
522 3448 559 3491 cx
579 3448 678 3491 umore
697 3433 793 3507 nasci,
818 3439 876 3491 tum
898 3427 1110 3502 dulcisubdito
