2422 3840
310 226 390 272 nar.
406 223 497 271 mse.
512 223 572 270 xrs.
587 219 707 271 21-22.
726 208 877 287 (so-89.)
1032 205 1093 267 227

93 383 197 442 hentur
212 379 247 438 ad
260 376 468 438 confirmandas
480 376 582 450 laucis,
594 375 782 447 stomachum,
796 375 910 449 oculos,
927 383 1014 452 caput
1029 391 1093 432 sen·

94 481 200 541 susque
228 464 333 535 omnis,
365 460 515 520 mulierum
543 460 627 517 etiam
657 458 856 531 lassitudines,
885 457 1094 516 saluberrimae

94 563 204 624 genere
218 546 388 606 medicinae.
427 541 556 602 calculos
574 559 689 619 quoqne
705 542 821 601 discutit
836 550 935 618 potum
953 543 981 599 in
998 550 1093 599 aceto.

96 630 221 690 inlinitur
242 639 270 688 et
286 626 424 688 livoribus
440 624 661 702 suggillatisque
678 642 741 683 cum
757 623 844 682 melle
867 633 896 682 et
910 622 995 700 adipe
1012 642 1094 683 anse-

75 717 174 786 5rino,
192 722 239 772 aut
255 730 323 771 cera
340 708 456 788 Cypria.
493 708 524 767 lit
539 715 568 765 et
582 707 678 766 oleum
695 724 732 765 ex
749 722 785 764 eo
805 707 914 765 semine
931 707 1095 767 madefacto

94 799 124 856 in
143 798 212 856 oleo
231 811 449 872 expressoque,
469 808 526 870 quo
543 799 657 849 utuntur
672 791 709 849 ad
727 806 881 848 nervorum
896 789 1010 863 rigores
1026 790 1096 847 lum·

95 881 253 957 horumque
270 887 299 936 et
315 876 504 936 coxendicum
519 882 549 932 et
563 873 778 950 perfrictiones.

159 1002 242 1083 (88.)
255 1002 370 1078 sinapis
380 1010 480 1059 natura
494 1017 561 1058 esse
574 1000 755 1076 effectusque
770 998 891 1058 eosdem
903 995 1013 1056 habere
1025 1007 1139 1061 tra-241

96 1088 171 1147 ditur
191 1087 295 1146 adarca
318 1086 393 1144 inter
413 1083 558 1143 silvestria
579 1084 672 1156 dicta,
695 1084 723 1141 in
746 1082 856 1141 cortice
876 1082 1050 1141 calamorum
1070 1100 1140 1140 mnu

61 1169 150 1237 10suh
166 1172 229 1247 ipsa
244 1186 326 1229 coma
339 1186 472 1228 nascens.

159 1294 241 1372 (89.)
270 1290 442 1351 Marruhium
463 1291 595 1369 plerique
616 1292 692 1348 inter
711 1290 817 1367 primas
832 1288 939 1348 herhas
955 1306 1097 1348 commen·

96 1379 220 1448 davere,
238 1375 316 1453 quod
331 1373 435 1433 Graeci
449 1375 567 1450 prasion
582 1381 704 1446 vocant,
721 1372 769 1430 alii
789 1371 1007 1448 linostrophnn,
1027 1389 1097 1431 non-

96 1459 167 1518 nulli
180 1457 354 1535 philopaeda
369 1465 416 1515 ant
434 1456 636 1533 philochares,
658 1457 754 1514 notius
775 1472 859 1533 quam
874 1464 905 1513 ut
919 1455 1099 1515 indicandum

97 1543 143 1599 sit.
181 1541 263 1600 huius
279 1539 350 1598 lolia
366 1556 523 1616 semenque
542 1539 664 1597 contrita
680 1547 801 1615 prosunt
822 1547 922 1596 eontra
941 1539 1098 1614 serpentis,

62 1657 87 1697 15
99 1632 248 1701 pectorum
271 1632 300 1681 et
321 1622 420 1681 lateris
436 1621 572 1697 dolores,
595 1623 695 1681 tussim
709 1630 857 1697 veterem,
875 1630 905 1680 et
919 1622 954 1679 iis
968 1622 1016 1698 qui
1035 1639 1098 1680 san·

96 1709 212 1783 guinem
226 1706 382 1765 reiecerint
396 1705 500 1764 eximie
514 1706 601 1779 utile,
624 1706 724 1782 scopis
741 1706 803 1764 eius
819 1723 883 1764 cum
900 1706 1003 1782 panico
1025 1722 1098 1783 aqua

98 1789 244 1865 decoctis,
266 1797 296 1846 ut
313 1789 455 1866 asperitas
473 1789 535 1848 suci
553 1789 707 1865 mitigetur.
744 1789 888 1866 inponitur
904 1789 1019 1846 strumis
1036 1806 1099 1847 cum

97 1873 191 1951 adipe.
222 1881 287 1932 sunt
303 1873 351 1948 qui
369 1873 466 1932 viridis
487 1890 602 1947 semen,
630 1881 764 1950 quantum
784 1871 896 1931 duobus
917 1872 1015 1947 digitis
1032 1889 1078 1931 ca·
1090 1880 1141 1934 242

96 1958 190 2032 piant,
214 1974 277 2016 cum
291 1955 376 2014 larris
393 1956 504 2033 pugillo
520 1957 673 2016 decoctum
691 1955 789 2016 addito
805 1957 911 2033 exiguo
932 1956 991 2015 olei
1012 1964 1040 2013 et
1055 1973 1098 2014 sa·

61 2064 87 2103 20
98 2039 133 2096 lis
154 2039 269 2098 sorberi
292 2039 395 2097 ieiunis
411 2040 447 2097 ad
467 2040 568 2098 tussim
589 2038 716 2102 iubeant.
747 2039 795 2099 alii
810 2040 879 2098 nihil
896 2049 1054 2117 conparant
1072 2043 1100 2098 in

98 2121 199 2179 eadem
214 2137 301 2179 causa
316 2119 441 2179 marruhi
457 2130 486 2179 et
501 2122 619 2180 feniculi
636 2124 713 2180 sucis
727 2121 763 2180 ad
779 2124 923 2181 sextarios
938 2131 1037 2182 ternos
1049 2142 1099 2182 ex-

98 2203 208 2279 pressis
234 2203 425 2279 decoctisque
450 2203 486 2261 ad
511 2205 657 2263 sextarios
683 2203 773 2278 duos,
800 2213 858 2262 tum
884 2204 981 2264 addito
1006 2206 1100 2264 mellis

98 2286 243 2361 sextario,
273 2302 373 2343 rursus
402 2284 527 2345 decocto
557 2287 593 2344 ad
619 2287 763 2345 sextarios
790 2285 880 2361 dnus,
920 2288 944 2343 si
973 2288 1100 2346 cocleari

97 2385 229 2428 mensura
249 2369 277 2426 in
299 2367 345 2427 die
371 2368 524 2428 sorbeatur
544 2371 572 2427 in
596 2386 689 2447 aquae
712 2369 826 2444 cyatho.
860 2368 983 2428 virilium
1004 2370 1079 2427 vitiis
1091 2379 1143 2432 243

61 2460 209 2511 attonsum
224 2469 287 2511 cum
303 2451 390 2511 melle
409 2453 480 2511 mire
501 2452 631 2529 prodest.
669 2452 799 2511 lichenas
821 2461 925 2529 purgat
946 2469 983 2510 ex
1004 2461 1098 2526 aceto,

97 2536 207 2611 ruptis,
236 2535 400 2610 convolsis,
429 2537 564 2612 spasticis
588 2537 685 2594 nervis
711 2535 848 2595 salutare.
885 2543 984 2612 potum
1006 2534 1101 2594 alvom

97 2617 184 2676 solvit
205 2635 269 2675 cum
289 2617 350 2675 sale
369 2626 399 2675 et
422 2626 524 2691 aceto,
547 2620 615 2677 item
629 2626 775 2677 menstrua
797 2628 826 2677 et
840 2618 984 2678 secundas
999 2619 1099 2678 mulie·

97 2717 167 2758 rum.
198 2700 277 2759 arida
297 2699 388 2759 farina
411 2719 473 2759 cum
495 2701 583 2760 melle
603 2702 638 2762 ad
656 2702 756 2761 tussim
775 2702 883 2762 siccam
899 2702 1101 2761 efficacissima

34 2807 38 2812 ⁷
100 2791 159 2857 est,
175 2784 242 2841 item
258 2783 295 2843 ad
310 2800 491 2860 gangraenas
508 2793 537 2843 et
552 2786 695 2862 pterygia.
726 2803 813 2845 sucus
830 2802 902 2846 vero
921 2786 1056 2845 auriculis
1072 2794 1101 2844 et

61 2883 87 2924 ao
97 2864 214 2924 naribus
227 2875 257 2925 et
271 2865 374 2926 morbo
390 2869 473 2944 regio
488 2868 716 2946 minuendaeque
732 2868 783 2929 hili
795 2888 857 2929 cum
869 2869 956 2928 melle
968 2868 1099 2947 prodest,

96 2952 164 3009 item
176 2959 276 3009 eontra
288 2966 398 3008 venena
409 2951 483 3009 inter
495 2968 587 3028 pauca
595 2961 710 3030 potens.
727 2954 791 3030 ipsa
802 2952 893 3012 herba
905 2951 1144 3016 stomachumatt

98 3043 127 3093 et
143 3034 364 3092 exscreationes
386 3035 515 3110 pectoris
529 3041 635 3112 purgat
652 3052 716 3094 cum
734 3034 807 3095 iride
826 3045 855 3095 et
868 3036 975 3110 melle,
993 3038 1101 3095 urinam
1172 3110 1174 3114 Α

97 3119 171 3194 ciet,
199 3115 328 3176 cavenda
350 3125 446 3176 tamen
467 3117 654 3177 exulceratae
677 3121 797 3178 vesicae
823 3128 851 3178 et
878 3120 988 3178 renium
1013 3122 1100 3179 vitiis.

21 3243 25 3250 .
97 3201 201 3259 dicitur
220 3217 306 3259 sucus
324 3206 353 3257 et
374 3199 534 3260 claritatem
555 3201 705 3259 oculorum
728 3202 875 3262 adiuvare.
909 3201 1013 3262 Castor
1027 3221 1100 3261 mar·

61 3283 159 3343 strubi
179 3282 236 3342 dno
257 3300 367 3361 genera
386 3282 488 3358 tradit,
506 3283 617 3360 nigrum
634 3293 663 3342 et
683 3285 760 3362 quod
776 3287 867 3362 magis
882 3285 987 3363 prohat
1004 3285 1100 3344 candi·

98 3365 172 3428 dum.
202 3368 231 3426 in
247 3384 333 3427 nvom
346 3367 431 3426 inane
446 3384 545 3426 sucum
563 3367 641 3427 addit
660 3368 684 3425 is
701 3369 853 3446 ipsumque
868 3385 953 3428 ovom
968 3367 1100 3445 infundit,

97 3448 155 3507 mel
171 3452 276 3526 aequis
299 3449 495 3530 portionibus,
518 3451 695 3529 tepefactum
717 3454 1116 3588 vomicasrupqppnmw
