2422 3840
306 170 387 219 usn.
403 169 496 218 insu.
512 169 593 226 xvi,
603 163 690 223 5-27.
708 156 824 238 (6-9)
1038 161 1058 218 7

69 340 209 393 1τιμήσει-εει
223 329 287 389 aliis
301 299 402 399 ovata,
419 325 484 386 aliis
494 323 632 399 rotunda,
653 323 718 384 aliis
734 323 845 384 acutior
856 323 965 402 figura,
983 325 1058 385 sicut

69 425 83 475 t
98 415 182 476 colos
198 413 309 491 nigrior
323 409 511 470 candidiorve
527 409 575 486 qui
590 407 765 486 praefertur.
796 409 954 470 amaritudo
966 409 995 468 in
1007 427 1057 468 ex·

69 498 254 572 reumatibus,
271 495 385 555 mediae
397 493 508 554 dulces.
540 497 607 571 quin
623 500 652 551 et
669 490 798 570 pediculi
810 491 938 554 brevitas
950 510 1056 572 proce·

68 586 182 662 itasque
200 579 391 642 differentiam
412 576 510 637 hahet.
550 574 583 636 ln
605 577 678 655 ipsis
701 593 773 636 vero
798 575 951 638 arboribus
975 595 1050 657 quae
1066 586 1101 639 22

69 684 212 729 naxumam
228 665 286 724 fert
302 661 431 722 hemeris
447 668 580 736 vocatur,
595 660 716 719 brevior
731 661 803 719 etin
820 660 922 721 orbem
938 678 1058 722 comosa

70 752 173 829 lasque
189 765 333 808 ramorum
345 743 451 806 crebro
464 753 574 805 cavata.
600 744 704 805 fortius
717 743 825 820 lignum
835 761 961 822 quercus
970 745 1059 807 habet

71 843 82 893 t
96 833 307 911 incorruptius,
334 845 449 889 ramosa
465 837 495 888 et
512 828 585 907 ipsa,
602 829 756 906 procerior
772 836 868 888 tamen
885 837 913 888 et
930 830 1060 890 crassior

70 918 185 993 audice,
202 915 403 976 excelsissima
418 922 514 973 antem
529 913 675 991 aegilops,
687 912 802 973 incultis
814 913 916 972 amica.
943 912 990 972 Ab
1001 912 1101 976 hecht

69 1018 193 1061 roxuma
208 999 349 1061 latifoliae
364 999 540 1077 proceritas,
553 997 607 1058 sed
618 998 710 1057 minus
722 996 802 1056 utilis
814 996 955 1056 aedificiis
970 1005 1058 1075 atque

70 1085 183 1159 arboni,
202 1084 299 1144 dolata
314 1083 391 1143 vitiis
407 1082 605 1157 obnoxiaest,
623 1080 810 1159 quamobrem
824 1081 919 1141 solida
932 1089 1057 1141 umntur.

69 1168 142 1230 arbo
158 1170 186 1227 in
202 1169 380 1229 aerariorum
394 1175 501 1227 tantum
516 1165 641 1225 officinis
659 1164 836 1244 conpendio,
854 1166 989 1245 quoniam
1008 1165 1057 1225 de·

69 1255 165 1313 inente
181 1253 249 1313 datu
265 1253 397 1330 protinus
413 1251 560 1311 emoriens
580 1252 697 1329 saepius
717 1250 912 1329 recoquitur,
929 1259 1059 1311 ceterum

71 1338 198 1397 lurumus
214 1336 355 1399 scintillis.
388 1335 464 1396 idem
487 1354 503 1395 e
526 1334 652 1395 novellis
673 1334 786 1395 melior.
816 1334 917 1396 acervi
939 1352 1058 1397 conser-

69 1423 87 1480 ἵε
114 1422 200 1480 taleis
221 1417 471 1480 recentibus'luto
485 1419 688 1490 seminantur,
713 1436 841 1480 accensa
862 1428 943 1480 strue
965 1422 1059 1480 contis

71 1506 187 1581 ungitur
210 1504 370 1564 durescens
394 1503 481 1577 calyx
502 1510 589 1579 atque
613 1503 653 1561 ita
673 1502 810 1563 sudorem
833 1505 946 1563 emittit.
988 1504 1103 1567 Pes-24

69 1605 132 1647 uma
148 1595 177 1646 et
191 1585 313 1647 'carboni
330 1594 360 1645 et
373 1587 514 1646 materiae
529 1584 717 1663 haliphloeos
733 1587 826 1662 dicta,
851 1587 897 1646 cui
912 1587 1058 1648 crassissi-

69 1689 112 1730 rus
129 1678 233 1730 cortex
254 1678 342 1750 atque
363 1669 476 1730 caudex
493 1679 522 1729 et
540 1670 713 1748 plerumque
736 1686 826 1730 cavos
847 1670 1059 1749 fungosusqne.

69 1772 106 1814 ec
124 1753 180 1814 alia
195 1754 338 1832 putrescit
355 1772 393 1814 ex
408 1754 467 1814 hoc
483 1771 613 1832 genere,
636 1754 722 1815 etiam
745 1763 815 1814 cum'
833 1754 912 1814 vivit.
945 1755 1013 1832 quin
1031 1764 1060 1815 et

69 1838 362 1916 ulmine‘saepissime
383 1839 485 1914 icitur,
511 1838 641 1918 quamvis
664 1838 813 1899 altitudine
839 1855 897 1898 non
919 1838 1058 1899 excellat.

69 1922 119 1982 leo
138 1920 216 1998 ligno
235 1923 297 1981 eius
312 1940 368 1983 nec
383 1923 419 1983 ad
436 1923 579 1984 sacrificia
594 1923 635 1981 nti
650 1921 695 1982 fas
708 1922 841 1983 hahetur.
872 1921 976 1983 Eidem
989 1932 1059 1984 ‘rara

69 2005 134 2064 lans
151 2015 190 2080 et,
208 2023 271 2065 cnm
286 2006 361 2082 tulit,
378 2024 485 2082 amara,
501 2025 586 2086 quam
602 2015 721 2084 praeter
736 2025 804 2067 sues
821 2006 932 2067 nullum
945 2007 1059 2085 attingit

69 2088 170 2164 ulmal,
191 2106 226 2148 ac
246 2108 284 2148 ne
298 2090 353 2149 hae
372 2091 503 2167 quidem,
530 2091 554 2150 si
569 2090 647 2151 aliud
661 2089 797 2168 pabulum
819 2089 957 2151 habeant.¹
993 2090 1072 2151 lloo'

72 2190 167 2249 noque
183 2173 258 2232 inter
273 2173 386 2249 reliqua
401 2174 558 2249 neglectae
573 2173 724 2250 religionis
746 2183 807 2250 est,
830 2175 908 2253 qnod
924 2184 1057 2236 emortuo

69 2254 180 2316 arbone
195 2256 385 2315 sacrificatur.
420 2254 508 2316 Glans
531 2256 619 2332 fagea
642 2274 724 2316 suem
739 2256 861 2318 hilarem
880 2258 966 2334 facit,
993 2268 1099 2321 car-as

72 2357 118 2399 em
128 2339 285 2399 cocibilem
294 2339 434 2399 aclevem
450 2350 480 2400 et
495 2340 593 2400 utilem
609 2340 771 2401 stomacho.
803 2341 893 2418 iligna
910 2358 990 2400 suem
1009 2359 1057 2401 an·

69 2433 179 2498 ustam,
198 2423 332 2501 nitidam,
349 2425 515 2500 strigosam.
548 2423 745 2503 ponderosam
763 2441 891 2503 querna,
914 2422 1057 2499 diffusam,

69 2508 221 2568 rarissima
242 2517 272 2567 et
296 2509 360 2587 ipsa
387 2508 534 2585 glandium
556 2517 643 2586 atque
668 2508 843 2569 dulcissima.
887 2523 1058 2586 proxumam

69 2593 118 2650 uic
134 2608 265 2652 cerream
281 2592 366 2652 tradit
381 2591 524 2668 Nigidius,
539 2609 596 2652 nec
617 2592 726 2652 exalia
742 2591 912 2652 solidiorem
922 2602 1056 2668 earnem,

69 2673 104 2733 ed
121 2672 229 2733 duram.
270 2675 359 2752 iligna
374 2677 508 2753 temptari
524 2693 604 2752 sues,
621 2677 676 2735 nisi
694 2677 832 2756 paulatim
847 2678 939 2738 detur.
981 2676 1072 2737 hanc-

70 2757 237 2818 ovissimam
253 2759 371 2819 cadere.
399 2759 552 2838 fungosam
569 2777 686 2820 carnem
702 2761 765 2823 lieri
782 2761 920 2837 aesculo,
936 2758 1056 2838 robore,

69 2841 169 2901 ubere.
507 2848 510 2852 ⁴

114 2926 176 3006 (9.)
215 2925 301 2998 Quae
313 2926 449 3004 glandem
465 2928 562 2990 ferunt
576 2945 677 2989 omnes
696 2938 726 2989 et
746 2929 853 3006 gallam
872 2927 1098 3004 alternisquehd

69 3011 132 3069 nnis
147 3010 299 3088 glandem,
317 3009 371 3070 sed
385 3012 491 3088 gallam
506 3014 635 3074 hemeris
650 3022 796 3091 optumam
808 3017 843 3071 ¹et
862 3011 950 3071 coriis
968 3010 1056 3089 perli-
1111 3065 1115 3076 ,

69 3094 161 3154 iendis
178 3096 501 3174 aptissimam,·similem
512 3097 579 3158 huic
590 3096 723 3174 latifolia,
735 3096 789 3157 sed
798 3095 940 3156 leviorem
952 3094 1056 3155 multo·

70 3196 108 3239 ue
136 3180 228 3238 minus
254 3178 415 3258 probatam.
457 3181 516 3242 fert
538 3191 568 3241 et
587 3182 697 3258 nigram
710 3180 826 3240 -duo
849 3181 924 3240 enim
945 3197 1056 3257 genera

69 3272 115 3323 unt
124 3295 178 3340 -,
191 3264 266 3324 haec
277 3264 440 3342 tinguendis
453 3265 527 3326 lanis
538 3263 644 3324 utilior
670 3267 700 3325 7.
714 3262 850 3325 Nascitur
865 3273 961 3326 autem
977 3262 1097 3339 galiati

69 3347 114 3407 ole
135 3342 317 3424 de'geminis
336 3359 462 3409 exeunte
484 3365 638 3426 erumpens
662 3356 750 3409 noctu
771 3357 888 3428 semper
908 3349 1055 3407 universa.

69 3430 156 3490 rescit
171 3448 226 3491 uno
238 3432 286 3491 die
302 3433 451 3493 candidior
466 3442 506 3509 et,
522 3433 547 3492 si
559 3440 641 3491 aestu
656 3440 784 3509 excepta
798 3441 854 3506 est,
867 3430 976 3490 arescit
987 3440 1055 3506 pro·
