2422 3840
138 191 179 254 92
480 200 510 249 c.
525 201 621 249 annu
638 199 789 248 saeuum

139 357 204 416 calx
216 355 329 415 admota
340 353 495 419 radicibus.
531 363 560 412 et
579 354 653 413 haec
668 362 764 412 autem
778 351 872 409 omnia
890 368 977 429 poma
987 351 1137 412 intervelli

137 440 238 499 melius
251 446 296 496 est
308 447 338 496 ut
349 455 424 516 quae
435 437 537 497 relicta
550 437 606 495 sint
615 435 818 512 grandescant.
1051 440 1053 444 “

94 531 144 586 261
209 519 258 580 28.
283 519 430 593 Quaedam
442 538 537 597 poena
553 520 738 579 emendantur
748 527 796 577 aut
810 533 907 577 morsu
919 517 1092 592 excitantur,
1105 525 1138 576 ut

137 603 250 682 palmae
265 621 300 663 ac
314 602 438 663 lentisci.
473 603 558 663 salsis
582 603 656 661 enirn
677 603 758 678 aquis
778 601 899 661 aluntur.
934 598 1005 658 salis
1025 600 1083 658 vim
1106 608 1136 658 et

137 688 263 761 cineres,
281 686 334 745 sed
345 687 487 746 leniorem
501 684 619 759 habent,
635 686 701 745 ideo
714 685 761 744 lici
777 685 988 762 adsperguntur
999 691 1161 759 rataque,s

136 787 173 829 ne
189 769 256 828 liant
273 771 453 829 verminosae
474 786 549 827 neve
565 769 679 828 radices
698 776 875 845 putrescant.
911 767 978 844 quin
994 775 1024 826 et
1036 769 1135 826 vitium

136 851 281 912 radicibus
293 869 395 929 aquam
408 852 514 912 salsam
526 851 624 911 iubent
639 852 765 924 adfundi,
780 853 804 908 si
820 853 876 909 sint
893 849 1075 910 lacrimosae.
1108 849 1134 909 si

135 951 207 994 vero
220 935 328 994 fructus
342 953 439 994 earum
450 935 600 1010 decidant,
619 937 746 994 cinerem
757 942 841 993 aceto
861 935 1017 1010 conspergi
1041 935 1134 1010 ipsas·

138 1036 193 1095 que
205 1017 283 1075 inlini
292 1026 339 1076 aut
351 1017 520 1092 sandaraca,
532 1020 557 1076 si
576 1025 724 1095 putrescat
741 1035 806 1076 uva.
832 1019 857 1076 si
871 1033 943 1075 vero
953 1015 1065 1075 fertiles
1077 1031 1135 1074 non

94 1111 146 1165 262
166 1109 247 1173 sunt,
268 1108 353 1158 aceto
372 1100 432 1159 acri
454 1098 574 1159 subacto
597 1102 694 1159 cinere
715 1100 802 1176 rigari
822 1109 908 1179 atque
922 1099 1021 1159 oblini.
1057 1097 1135 1176 quod
1144 1110 1171 1151 1⁰

137 1183 162 1240 si
174 1183 297 1242 fructum
313 1199 370 1240 non
385 1191 525 1241 maturent
539 1183 618 1259 prius
637 1185 862 1258 inanescentem,
883 1183 1080 1260 praecisarum
1098 1180 1135 1240 ad

137 1265 252 1324 radices
264 1263 379 1341 plagam
395 1263 539 1342 libraeque
552 1275 636 1324 aceto
652 1267 712 1325 acri
734 1275 763 1325 et
778 1267 859 1326 urina
876 1274 989 1324 vetusta
1006 1263 1134 1324 madefa-

138 1365 205 1408 cere
218 1356 303 1424 atque
316 1364 353 1407 eo
364 1346 425 1406 luto
438 1347 574 1423 obruere,
588 1366 679 1425 saepe
694 1347 807 1408 fodere.
842 1348 982 1422 olearum,
995 1348 1019 1406 si
1036 1363 1135 1424 parum

137 1431 298 1509 promisere
311 1430 437 1505 fructus,
453 1430 572 1490 nudatus
592 1431 707 1491 radices
727 1432 849 1491 hiberno
866 1430 969 1506 frigori
985 1437 1135 1508 opponunt

121 1546 125 1552 ·
137 1531 231 1592 eaque
242 1514 431 1590 castigatione
444 1514 606 1592 proliciunt.
640 1515 733 1574 omniu
745 1514 819 1574 lraec
831 1531 922 1573 annua
936 1513 1010 1572 caeli
1022 1513 1134 1571 ratione
1145 1529 1171 1568 ra

137 1605 269 1656 constant
291 1606 320 1655 et
341 1596 495 1674 aliquando
518 1599 611 1656 serius
630 1605 805 1674 poscuntur,
824 1595 977 1674 aliquando
997 1595 1135 1654 celerius.

136 1677 269 1738 Necnon
284 1680 358 1756 ignis
369 1679 472 1757 aliquis
485 1679 616 1756 prodest,
632 1689 663 1739 ut
674 1679 833 1739 harundini.
869 1679 998 1738 ambusta
1010 1694 1135 1755 namque

93 1770 146 1825 263
158 1762 276 1821 densior
296 1763 449 1838 mitiorque
474 1764 576 1838 surgit.
619 1759 691 1821 Cato
713 1772 742 1821 et
762 1761 970 1821 medicamenta
993 1760 1136 1838 quaedam

137 1845 285 1921 conponit,
301 1861 453 1902 mensurae
466 1862 582 1922 quoque
594 1844 789 1919 distinctione,
804 1845 840 1904 ad
850 1847 988 1904 maiorum
1000 1843 1136 1902 arborum

137 1927 250 1986 radices
269 1926 444 2003 amphoram,
460 1927 495 1986 ad
507 1928 645 1985 minorum
657 1945 755 1987 urnam
766 1945 899 1987 amurcae
913 1936 941 1986 et
957 1943 1049 2003 aquae
1066 1943 1133 2003 por·
1145 1943 1172 1984 ao

135 2009 244 2068 tionem
259 2025 395 2086 aequam,
411 2008 593 2086 ablaqueatis
606 2010 687 2088 prius
703 2009 849 2071 radicibus
865 2009 1001 2087 paulatim
1019 2007 1136 2069 adfundi

137 2091 249 2150 iubens.
281 2093 309 2150 in
321 2091 387 2150 olea
402 2090 459 2150 hoc
472 2092 610 2171 amplius,
629 2095 792 2153 stramentis
810 2102 894 2152 antea
912 2092 1136 2168 circumpositis,

136 2175 204 2234 item
216 2174 281 2233 lico.
313 2175 395 2234 lruius
407 2176 566 2253 praecipue
582 2193 653 2236 vere
665 2185 771 2236 terram
791 2176 963 2253 adaggerari
978 2174 1135 2234 radicibus.

136 2258 175 2318 ita
191 2257 314 2317 futurum
331 2265 360 2316 ut
385 2275 442 2330 non
459 2257 593 2318 decidant
612 2260 709 2336 grossi
727 2261 876 2335 maiorque
898 2258 1063 2317 fecunditas
1080 2275 1137 2316 nec

94 2349 146 2404 264
156 2341 260 2400 scabra
271 2341 432 2418 proveniat.
467 2342 552 2402 simili
563 2342 666 2416 modo,
684 2360 721 2402 ne
734 2341 926 2401 convolvolus
939 2342 988 2400 liat
998 2341 1026 2398 in
1037 2341 1134 2414 vinea,
1146 2356 1173 2396 ac

137 2442 271 2484 amurcae
291 2425 413 2501 congios
431 2424 503 2483 duos
522 2424 647 2502 decoqui
664 2426 692 2483 in
711 2424 929 2484 crassitudinem
946 2423 1057 2497 mellis,
1073 2441 1136 2481 rur-

137 2524 245 2585 susque
264 2512 328 2564 cum
346 2507 489 2565 bituminis
509 2507 594 2565 tertia
612 2515 695 2584 parte
719 2516 747 2566 et
759 2506 886 2584 sulpuris
901 2515 1002 2583 quarta
1019 2505 1072 2565 sub
1089 2506 1137 2564 diu

138 2589 235 2666 coqui,
249 2589 381 2664 quoniam
393 2588 567 2648 exardescat
585 2589 744 2649 subtecto.
777 2589 834 2648 lroc
851 2591 917 2648 vitis
941 2590 1017 2648 circa
1040 2589 1136 2666 capita

137 2688 172 2731 ac
189 2670 242 2728 sub
262 2668 405 2730 bracchiis
422 2672 518 2748 ungui.
555 2672 594 2730 ita
610 2690 668 2732 non
688 2672 752 2732 fore
773 2672 986 2733 convolvolum.
1021 2671 1137 2750 quidam

138 2753 265 2813 contenti
283 2761 348 2810 sunt
365 2753 443 2812 fumo
455 2753 538 2812 huius
550 2754 690 2814 mixturae
702 2755 801 2814 suffire
811 2756 911 2815 vineas
924 2756 1053 2816 secundo
1066 2754 1136 2814 flatu
1146 2775 1174 2815 ac

94 2845 145 2900 265
159 2837 293 2896 continuo
305 2835 410 2896 triduo.
445 2835 581 2914 Plerique
597 2854 655 2897 non
665 2839 756 2897 minus
774 2839 861 2899 auxili
878 2848 907 2898 et
918 2839 1044 2899 alimenti
1060 2837 1136 2897 arbi·

136 2928 247 2979 trantur
259 2919 287 2976 in
298 2919 377 2977 urina
390 2935 474 2995 quam
486 2915 558 2977 Cato
570 2919 599 2977 in
610 2937 742 2995 amurca,
760 2921 854 2982 addita
865 2922 952 2981 modo
968 2923 1030 3000 pari
1042 2938 1137 2998 aquae

138 3003 288 3080 portione,
306 3002 438 3077 quoniam
457 3019 511 3079 per
530 3018 563 3059 se
583 3013 698 3063 noceat.
736 3005 824 3082 aliqui
847 3005 968 3065 volucre
987 3003 1137 3082 appellant

137 3084 239 3143 animal
252 3084 433 3160 praerodens
445 3084 632 3163 pubescentis
644 3105 725 3148 uvas.
763 3087 842 3166 quud
852 3106 889 3147 ne
901 3088 1023 3164 accidat,
1038 3086 1134 3162 falcis,

138 3184 201 3227 cum
219 3167 275 3226 sint
296 3176 454 3242 exacutae,
471 3167 572 3227 fibrina
591 3170 670 3246 pelle
688 3170 843 3247 detergent
861 3181 947 3249 atque
967 3173 1005 3231 ita
1024 3179 1134 3248 putant,
1145 3190 1172 3230 aa

138 3258 186 3310 aut
216 3249 355 3326 sanguine
383 3251 480 3309 ursino
507 3251 556 3310 lini
587 3252 687 3313 volunt
712 3263 780 3332 post
803 3256 979 3331 putationem
1005 3255 1133 3314 easdem.

95 3341 147 3398 266
166 3333 237 3392 Sunt
253 3332 389 3392 arborum
406 3343 506 3410 pestes
524 3343 553 3395 et
569 3336 716 3398 formicae.
757 3337 809 3396 has
830 3337 949 3414 abigunt
966 3337 1081 3396 rubrica
1100 3354 1135 3396 ac

138 3417 206 3494 pice
218 3415 325 3492 liquida
339 3419 487 3492 perunctis
505 3419 689 3492 caudicibus,
710 3437 766 3480 nec
780 3436 838 3478 non
853 3429 882 3480 et
894 3422 976 3495 pisce
989 3437 1135 3497 suspenso
