<?xml version="1.0" encoding="UTF-8"?>
<!DOCTYPE html PUBLIC "-//W3C//DTD XHTML 1.0 Transitional//EN"
    "http://www.w3.org/TR/xhtml1/DTD/xhtml1-transitional.dtd">
<html xmlns="http://www.w3.org/1999/xhtml" xml:lang="en" lang="en">
 <head>
  <title>
</title>
<meta http-equiv="Content-Type" content="text/html;charset=utf-8" />
  <meta name='ocr-system' content='tesseract 3.04.00' />
  <meta name='ocr-capabilities' content='ocr_page ocr_carea ocr_par ocr_line ocrx_word'/>
</head>
<body>
  <div class='ocr_page' id='page_1' title='image "./cplinisecundina04plingoog_0329.png"; bbox 0 0 2422 3840; ppageno 0'>
   <div class='ocr_carea' id='block_1_1' title="bbox 141 187 808 248">
    <p class='ocr_par' dir='ltr' id='par_1_1' title="bbox 141 187 808 248">
     <span class='ocr_line' id='line_1_1' title="bbox 141 187 808 248; baseline -0.01 -2"><span class='ocrx_word' id='word_1_1' title='bbox 141 187 202 248; x_wconf 80' lang='lat'><strong>270</strong></span> <span class='ocrx_word' id='word_1_2' title='bbox 500 194 530 242; x_wconf 87' lang='lat' dir='ltr'><strong>c.</strong></span> <span class='ocrx_word' id='word_1_3' title='bbox 546 195 643 241; x_wconf 74' lang='lat' dir='ltr'><strong>annu</strong></span> <span class='ocrx_word' id='word_1_4' title='bbox 658 193 808 241; x_wconf 79' lang='lat' dir='ltr'><strong>succum</strong></span> 
     </span>
    </p>
   </div>
   <div class='ocr_carea' id='block_1_2' title="bbox 97 346 1183 2925">
    <p class='ocr_par' dir='ltr' id='par_1_2' title="bbox 140 346 1152 578">
     <span class='ocr_line' id='line_1_2' title="bbox 140 346 1151 430; baseline -0.005 -18"><span class='ocrx_word' id='word_1_5' title='bbox 140 370 223 430; x_wconf 88' lang='lat' dir='ltr'><strong>aqua.</strong></span> <span class='ocrx_word' id='word_1_6' title='bbox 261 350 387 409; x_wconf 79' lang='lat' dir='ltr'><strong>inlinitur</strong></span> <span class='ocrx_word' id='word_1_7' title='bbox 407 348 518 428; x_wconf 86' lang='lat' dir='ltr'><strong>plagis,</strong></span> <span class='ocrx_word' id='word_1_8' title='bbox 548 347 735 424; x_wconf 75' lang='lat' dir='ltr'><strong>peculiariter</strong></span> <span class='ocrx_word' id='word_1_9' title='bbox 761 346 866 406; x_wconf 87' lang='lat' dir='ltr'><strong>ellicax</strong></span> <span class='ocrx_word' id='word_1_10' title='bbox 895 355 995 406; x_wconf 91' lang='lat' dir='ltr'><strong>contra</strong></span> <span class='ocrx_word' id='word_1_11' title='bbox 1025 348 1151 425; x_wconf 84' lang='lat' dir='ltr'><strong>chersy-</strong></span> 
     </span>
     <span class='ocr_line' id='line_1_3' title="bbox 141 430 1152 496; baseline -0.003 -1"><span class='ocrx_word' id='word_1_12' title='bbox 141 437 210 496; x_wconf 93' lang='lat' dir='ltr'><strong>dros</strong></span> <span class='ocrx_word' id='word_1_13' title='bbox 232 452 267 493; x_wconf 92' lang='lat' dir='ltr'><strong>ac</strong></span> <span class='ocrx_word' id='word_1_14' title='bbox 287 449 380 493; x_wconf 85' lang='lat' dir='ltr'><strong>ranas.</strong></span> <span class='ocrx_word' id='word_1_15' title='bbox 418 449 491 491; x_wconf 85' lang='lat' dir='ltr'><strong>vero</strong></span> <span class='ocrx_word' id='word_1_16' title='bbox 508 430 638 490; x_wconf 90' lang='lat' dir='ltr'><strong>omnibus</strong></span> <span class='ocrx_word' id='word_1_17' title='bbox 661 439 761 490; x_wconf 88' lang='lat' dir='ltr'><strong>contra</strong></span> <span class='ocrx_word' id='word_1_18' title='bbox 778 431 876 489; x_wconf 84' lang='lat' dir='ltr'><strong>toxica</strong></span> <span class='ocrx_word' id='word_1_19' title='bbox 897 439 927 489; x_wconf 89' lang='lat' dir='ltr'><strong>et</strong></span> <span class='ocrx_word' id='word_1_20' title='bbox 948 432 1064 491; x_wconf 88' lang='lat' dir='ltr'><strong>aconita</strong></span> <span class='ocrx_word' id='word_1_21' title='bbox 1086 432 1152 492; x_wconf 86' lang='lat' dir='ltr'><strong>effi-</strong></span> 
     </span>
     <span class='ocr_line' id='line_1_4' title="bbox 141 513 1151 578; baseline -0.003 0"><span class='ocrx_word' id='word_1_22' title='bbox 141 520 286 578; x_wconf 91' lang='lat' dir='ltr'><strong>caciorem</strong></span> <span class='ocrx_word' id='word_1_23' title='bbox 306 515 478 576; x_wconf 83' lang='lat' dir='ltr'><strong>Heraclides</strong></span> <span class='ocrx_word' id='word_1_24' title='bbox 497 513 627 573; x_wconf 87' lang='lat' dir='ltr'><strong>medicus</strong></span> <span class='ocrx_word' id='word_1_25' title='bbox 644 514 673 572; x_wconf 92' lang='lat' dir='ltr'><strong>in</strong></span> <span class='ocrx_word' id='word_1_26' title='bbox 689 516 751 573; x_wconf 92' lang='lat' dir='ltr'><strong>iure</strong></span> <span class='ocrx_word' id='word_1_27' title='bbox 773 514 885 573; x_wconf 87' lang='lat' dir='ltr'><strong>anseris</strong></span> <span class='ocrx_word' id='word_1_28' title='bbox 901 514 1055 573; x_wconf 78' lang='lat' dir='ltr'><strong>decoctam</strong></span> <span class='ocrx_word' id='word_1_29' title='bbox 1073 516 1151 575; x_wconf 89' lang='lat' dir='ltr'><strong>arbi·</strong></span> 
     </span>
    </p>

    <p class='ocr_par' dir='ltr' id='par_1_3' title="bbox 99 597 1174 1095">
     <span class='ocr_line' id='line_1_5' title="bbox 99 597 1151 678; baseline -0.001 -18"><span class='ocrx_word' id='word_1_30' title='bbox 99 612 132 666; x_wconf 85' lang='lat'><strong>19</strong></span> <span class='ocrx_word' id='word_1_31' title='bbox 143 610 241 660; x_wconf 87' lang='lat' dir='ltr'><strong>tratur.</strong></span> <span class='ocrx_word' id='word_1_32' title='bbox 276 599 478 678; x_wconf 85' lang='lat' dir='ltr'><strong>Apollodorus</strong></span> <span class='ocrx_word' id='word_1_33' title='bbox 493 598 632 658; x_wconf 91' lang='lat' dir='ltr'><strong>adversus</strong></span> <span class='ocrx_word' id='word_1_34' title='bbox 650 598 746 656; x_wconf 86' lang='lat' dir='ltr'><strong>toxica</strong></span> <span class='ocrx_word' id='word_1_35' title='bbox 763 614 825 655; x_wconf 93' lang='lat' dir='ltr'><strong>cum</strong></span> <span class='ocrx_word' id='word_1_36' title='bbox 839 613 908 656; x_wconf 89' lang='lat' dir='ltr'><strong>rana</strong></span> <span class='ocrx_word' id='word_1_37' title='bbox 924 597 1075 675; x_wconf 79' lang='lat' dir='ltr'><strong>decoquit,</strong></span> <span class='ocrx_word' id='word_1_38' title='bbox 1100 618 1151 659; x_wconf 90' lang='lat' dir='ltr'><strong>ce·</strong></span> 
     </span>
     <span class='ocr_line' id='line_1_6' title="bbox 140 680 1174 761; baseline -0.001 -18"><span class='ocrx_word' id='word_1_39' title='bbox 140 685 194 743; x_wconf 92' lang='lat' dir='ltr'><strong>teri</strong></span> <span class='ocrx_word' id='word_1_40' title='bbox 213 685 241 742; x_wconf 93' lang='lat' dir='ltr'><strong>in</strong></span> <span class='ocrx_word' id='word_1_41' title='bbox 258 700 342 761; x_wconf 90' lang='lat' dir='ltr'><strong>aqua.</strong></span> <span class='ocrx_word' id='word_1_42' title='bbox 377 684 442 760; x_wconf 90' lang='lat' dir='ltr'><strong>ipsa</strong></span> <span class='ocrx_word' id='word_1_43' title='bbox 455 682 542 757; x_wconf 92' lang='lat' dir='ltr'><strong>dura,</strong></span> <span class='ocrx_word' id='word_1_44' title='bbox 565 682 714 755; x_wconf 82' lang='lat' dir='ltr'><strong>fruticosa,</strong></span> <span class='ocrx_word' id='word_1_45' title='bbox 735 681 861 758; x_wconf 84' lang='lat' dir='ltr'><strong>spinosis</strong></span> <span class='ocrx_word' id='word_1_46' title='bbox 881 680 970 753; x_wconf 89' lang='lat' dir='ltr'><strong>foliis,</strong></span> <span class='ocrx_word' id='word_1_47' title='bbox 994 681 1080 741; x_wconf 90' lang='lat' dir='ltr'><strong>caule</strong></span> <span class='ocrx_word' id='word_1_48' title='bbox 1096 701 1174 760; x_wconf 70' lang='lat' dir='ltr'><strong>gen</strong></span> 
     </span>
     <span class='ocr_line' id='line_1_7' title="bbox 140 763 1152 843; baseline -0.001 -16"><span class='ocrx_word' id='word_1_49' title='bbox 140 767 284 843; x_wconf 89' lang='lat' dir='ltr'><strong>niculato,</strong></span> <span class='ocrx_word' id='word_1_50' title='bbox 313 764 429 825; x_wconf 83' lang='lat' dir='ltr'><strong>cubitali</strong></span> <span class='ocrx_word' id='word_1_51' title='bbox 455 775 484 824; x_wconf 90' lang='lat' dir='ltr'><strong>et</strong></span> <span class='ocrx_word' id='word_1_52' title='bbox 508 764 617 824; x_wconf 89' lang='lat' dir='ltr'><strong>maiore</strong></span> <span class='ocrx_word' id='word_1_53' title='bbox 644 764 807 842; x_wconf 90' lang='lat' dir='ltr'><strong>aliquanto,</strong></span> <span class='ocrx_word' id='word_1_54' title='bbox 833 763 890 822; x_wconf 91' lang='lat' dir='ltr'><strong>alia</strong></span> <span class='ocrx_word' id='word_1_55' title='bbox 915 763 1064 841; x_wconf 85' lang='lat' dir='ltr'><strong>albicans,</strong></span> <span class='ocrx_word' id='word_1_56' title='bbox 1093 767 1152 826; x_wconf 91' lang='lat' dir='ltr'><strong>alia</strong></span> 
     </span>
     <span class='ocr_line' id='line_1_8' title="bbox 140 846 1151 928; baseline -0.001 -18"><span class='ocrx_word' id='word_1_57' title='bbox 140 852 233 928; x_wconf 86' lang='lat' dir='ltr'><strong>nigra,</strong></span> <span class='ocrx_word' id='word_1_58' title='bbox 252 850 351 910; x_wconf 86' lang='lat' dir='ltr'><strong>radice</strong></span> <span class='ocrx_word' id='word_1_59' title='bbox 368 851 499 924; x_wconf 89' lang='lat' dir='ltr'><strong>odorata,</strong></span> <span class='ocrx_word' id='word_1_60' title='bbox 513 856 542 907; x_wconf 90' lang='lat' dir='ltr'><strong>et</strong></span> <span class='ocrx_word' id='word_1_61' title='bbox 557 849 648 906; x_wconf 91' lang='lat' dir='ltr'><strong>sativa</strong></span> <span class='ocrx_word' id='word_1_62' title='bbox 664 847 778 925; x_wconf 91' lang='lat' dir='ltr'><strong>quidem</strong></span> <span class='ocrx_word' id='word_1_63' title='bbox 793 856 849 923; x_wconf 85' lang='lat' dir='ltr'><strong>est,</strong></span> <span class='ocrx_word' id='word_1_64' title='bbox 864 846 917 906; x_wconf 92' lang='lat' dir='ltr'><strong>sed</strong></span> <span class='ocrx_word' id='word_1_65' title='bbox 933 856 1039 925; x_wconf 91' lang='lat' dir='ltr'><strong>sponte</strong></span> <span class='ocrx_word' id='word_1_66' title='bbox 1054 852 1151 909; x_wconf 90' lang='lat' dir='ltr'><strong>nasci-</strong></span> 
     </span>
     <span class='ocr_line' id='line_1_9' title="bbox 139 930 1150 1010; baseline -0.003 -16"><span class='ocrx_word' id='word_1_67' title='bbox 139 937 228 994; x_wconf 92' lang='lat' dir='ltr'><strong>turin</strong></span> <span class='ocrx_word' id='word_1_68' title='bbox 249 934 362 1010; x_wconf 92' lang='lat' dir='ltr'><strong>asperis</strong></span> <span class='ocrx_word' id='word_1_69' title='bbox 379 942 409 991; x_wconf 93' lang='lat' dir='ltr'><strong>et</strong></span> <span class='ocrx_word' id='word_1_70' title='bbox 424 932 538 991; x_wconf 84' lang='lat' dir='ltr'><strong>saxosis</strong></span> <span class='ocrx_word' id='word_1_71' title='bbox 560 940 589 989; x_wconf 90' lang='lat' dir='ltr'><strong>et</strong></span> <span class='ocrx_word' id='word_1_72' title='bbox 603 932 632 988; x_wconf 96' lang='lat' dir='ltr'><strong>in</strong></span> <span class='ocrx_word' id='word_1_73' title='bbox 646 930 779 989; x_wconf 90' lang='lat' dir='ltr'><strong>litoribus</strong></span> <span class='ocrx_word' id='word_1_74' title='bbox 801 932 887 989; x_wconf 88' lang='lat' dir='ltr'><strong>maris</strong></span> <span class='ocrx_word' id='word_1_75' title='bbox 905 931 1004 989; x_wconf 88' lang='lat' dir='ltr'><strong>durior</strong></span> <span class='ocrx_word' id='word_1_76' title='bbox 1023 932 1150 1008; x_wconf 89' lang='lat' dir='ltr'><strong>nigrior-</strong></span> 
     </span>
     <span class='ocr_line' id='line_1_10' title="bbox 141 1016 448 1095; baseline -0.01 -19"><span class='ocrx_word' id='word_1_77' title='bbox 141 1035 213 1095; x_wconf 89' lang='lat' dir='ltr'><strong>que,</strong></span> <span class='ocrx_word' id='word_1_78' title='bbox 236 1016 383 1092; x_wconf 87' lang='lat' dir='ltr'><strong>iolioapi.</strong></span> <span class='ocrx_word' id='word_1_79' title='bbox 445 1039 448 1044; x_wconf 93' lang='lat'>·</span> 
     </span>
    </p>

    <p class='ocr_par' dir='ltr' id='par_1_4' title="bbox 97 1095 1182 1676">
     <span class='ocr_line' id='line_1_11' title="bbox 97 1095 1182 1176; baseline 0 -16"><span class='ocrx_word' id='word_1_80' title='bbox 97 1113 132 1164; x_wconf 73' lang='grc'>10</span> <span class='ocrx_word' id='word_1_81' title='bbox 205 1099 234 1161; x_wconf 88' lang='lat'><strong>8.</strong></span> <span class='ocrx_word' id='word_1_82' title='bbox 259 1095 321 1176; x_wconf 83' lang='grc'>(9.)</span> <span class='ocrx_word' id='word_1_83' title='bbox 344 1096 389 1155; x_wconf 81' lang='lat' dir='ltr'><strong>En</strong></span> <span class='ocrx_word' id='word_1_84' title='bbox 413 1097 458 1156; x_wconf 91' lang='lat' dir='ltr'><strong>his</strong></span> <span class='ocrx_word' id='word_1_85' title='bbox 481 1097 629 1157; x_wconf 91' lang='lat' dir='ltr'><strong>candidam</strong></span> <span class='ocrx_word' id='word_1_86' title='bbox 655 1097 750 1166; x_wconf 51' lang='lat' dir='ltr'><strong>nostri,</strong></span> <span class='ocrx_word' id='word_1_87' title='bbox 772 1106 884 1156; x_wconf 92' lang='lat' dir='ltr'><strong>centum</strong></span> <span class='ocrx_word' id='word_1_88' title='bbox 908 1098 1003 1174; x_wconf 90' lang='lat' dir='ltr'><strong>capita</strong></span> <span class='ocrx_word' id='word_1_89' title='bbox 1028 1108 1182 1160; x_wconf 82' lang='lat' dir='ltr'><strong>vocantu</strong></span> 
     </span>
     <span class='ocr_line' id='line_1_12' title="bbox 142 1178 1149 1256; baseline 0.001 -15"><span class='ocrx_word' id='word_1_90' title='bbox 142 1200 242 1241; x_wconf 90' lang='lat' dir='ltr'><strong>omnes</strong></span> <span class='ocrx_word' id='word_1_91' title='bbox 269 1179 398 1239; x_wconf 89' lang='lat' dir='ltr'><strong>eiusdem</strong></span> <span class='ocrx_word' id='word_1_92' title='bbox 416 1180 555 1256; x_wconf 82' lang='lat' dir='ltr'><strong>effectus,</strong></span> <span class='ocrx_word' id='word_1_93' title='bbox 579 1178 662 1239; x_wconf 92' lang='lat' dir='ltr'><strong>caule</strong></span> <span class='ocrx_word' id='word_1_94' title='bbox 686 1188 716 1238; x_wconf 91' lang='lat' dir='ltr'><strong>et</strong></span> <span class='ocrx_word' id='word_1_95' title='bbox 741 1180 839 1240; x_wconf 90' lang='lat' dir='ltr'><strong>radice</strong></span> <span class='ocrx_word' id='word_1_96' title='bbox 858 1182 887 1238; x_wconf 95' lang='lat' dir='ltr'><strong>in</strong></span> <span class='ocrx_word' id='word_1_97' title='bbox 912 1179 995 1239; x_wconf 90' lang='lat' dir='ltr'><strong>cibos</strong></span> <span class='ocrx_word' id='word_1_98' title='bbox 1017 1179 1149 1242; x_wconf 74' lang='lat' dir='ltr'><strong>craeco-</strong></span> 
     </span>
     <span class='ocr_line' id='line_1_13' title="bbox 140 1263 1149 1342; baseline -0.001 -18"><span class='ocrx_word' id='word_1_99' title='bbox 140 1283 201 1324; x_wconf 89' lang='lat' dir='ltr'><strong>rum</strong></span> <span class='ocrx_word' id='word_1_100' title='bbox 218 1265 347 1340; x_wconf 86' lang='lat' dir='ltr'><strong>receptis</strong></span> <span class='ocrx_word' id='word_1_101' title='bbox 366 1273 487 1341; x_wconf 91' lang='lat' dir='ltr'><strong>utroque</strong></span> <span class='ocrx_word' id='word_1_102' title='bbox 510 1263 614 1339; x_wconf 88' lang='lat' dir='ltr'><strong>modo,</strong></span> <span class='ocrx_word' id='word_1_103' title='bbox 638 1263 700 1321; x_wconf 89' lang='lat' dir='ltr'><strong>sive</strong></span> <span class='ocrx_word' id='word_1_104' title='bbox 717 1280 846 1342; x_wconf 87' lang='lat' dir='ltr'><strong>coquere</strong></span> <span class='ocrx_word' id='word_1_105' title='bbox 863 1263 953 1323; x_wconf 89' lang='lat' dir='ltr'><strong>libeat</strong></span> <span class='ocrx_word' id='word_1_106' title='bbox 974 1264 1039 1322; x_wconf 83' lang='lat' dir='ltr'><strong>sive</strong></span> <span class='ocrx_word' id='word_1_107' title='bbox 1059 1266 1149 1325; x_wconf 88' lang='lat' dir='ltr'><strong>cruda</strong></span> 
     </span>
     <span class='ocr_line' id='line_1_14' title="bbox 140 1346 1149 1425; baseline 0 -17"><span class='ocrx_word' id='word_1_108' title='bbox 140 1350 232 1408; x_wconf 84' lang='lat' dir='ltr'><strong>vesci.</strong></span> <span class='ocrx_word' id='word_1_109' title='bbox 260 1356 469 1425; x_wconf 90' lang='lat' dir='ltr'><strong>portentosum</strong></span> <span class='ocrx_word' id='word_1_110' title='bbox 488 1356 534 1407; x_wconf 89' lang='lat' dir='ltr'><strong>est</strong></span> <span class='ocrx_word' id='word_1_111' title='bbox 554 1347 632 1425; x_wconf 92' lang='lat' dir='ltr'><strong>quod</strong></span> <span class='ocrx_word' id='word_1_112' title='bbox 649 1346 685 1406; x_wconf 94' lang='lat' dir='ltr'><strong>de</strong></span> <span class='ocrx_word' id='word_1_113' title='bbox 710 1364 745 1405; x_wconf 90' lang='lat' dir='ltr'><strong>ea</strong></span> <span class='ocrx_word' id='word_1_114' title='bbox 768 1347 907 1425; x_wconf 86' lang='lat' dir='ltr'><strong>traditur,</strong></span> <span class='ocrx_word' id='word_1_115' title='bbox 930 1346 1060 1406; x_wconf 90' lang='lat' dir='ltr'><strong>radicem</strong></span> <span class='ocrx_word' id='word_1_116' title='bbox 1084 1350 1149 1408; x_wconf 89' lang='lat' dir='ltr'><strong>eius</strong></span> 
     </span>
     <span class='ocr_line' id='line_1_15' title="bbox 140 1430 1149 1506; baseline -0.003 -14"><span class='ocrx_word' id='word_1_117' title='bbox 140 1433 305 1492; x_wconf 84' lang='lat' dir='ltr'><strong>alterutrius</strong></span> <span class='ocrx_word' id='word_1_118' title='bbox 323 1449 411 1489; x_wconf 82' lang='lat' dir='ltr'><strong>senus</strong></span> <span class='ocrx_word' id='word_1_119' title='bbox 434 1431 644 1490; x_wconf 89' lang='lat' dir='ltr'><strong>similitudinem</strong></span> <span class='ocrx_word' id='word_1_120' title='bbox 658 1430 788 1506; x_wconf 87' lang='lat' dir='ltr'><strong>referre,</strong></span> <span class='ocrx_word' id='word_1_121' title='bbox 807 1447 873 1490; x_wconf 92' lang='lat' dir='ltr'><strong>raro</strong></span> <span class='ocrx_word' id='word_1_122' title='bbox 893 1433 1027 1506; x_wconf 91' lang='lat' dir='ltr'><strong>inventu,</strong></span> <span class='ocrx_word' id='word_1_123' title='bbox 1050 1432 1105 1490; x_wconf 89' lang='lat' dir='ltr'><strong>sed</strong></span> <span class='ocrx_word' id='word_1_124' title='bbox 1124 1433 1149 1489; x_wconf 90' lang='lat' dir='ltr'><strong>si</strong></span> 
     </span>
     <span class='ocr_line' id='line_1_16' title="bbox 141 1512 1182 1591; baseline -0.001 -16"><span class='ocrx_word' id='word_1_125' title='bbox 141 1518 211 1575; x_wconf 88' lang='lat' dir='ltr'><strong>viris</strong></span> <span class='ocrx_word' id='word_1_126' title='bbox 232 1514 387 1591; x_wconf 91' lang='lat' dir='ltr'><strong>contigerit</strong></span> <span class='ocrx_word' id='word_1_127' title='bbox 401 1532 478 1590; x_wconf 90' lang='lat' dir='ltr'><strong>mas,</strong></span> <span class='ocrx_word' id='word_1_128' title='bbox 500 1512 629 1574; x_wconf 90' lang='lat' dir='ltr'><strong>amabilis</strong></span> <span class='ocrx_word' id='word_1_129' title='bbox 645 1513 717 1571; x_wconf 87' lang='lat' dir='ltr'><strong>lieri.</strong></span> <span class='ocrx_word' id='word_1_130' title='bbox 761 1514 798 1572; x_wconf 90' lang='lat' dir='ltr'><strong>ob</strong></span> <span class='ocrx_word' id='word_1_131' title='bbox 815 1514 871 1573; x_wconf 93' lang='lat' dir='ltr'><strong>hoo</strong></span> <span class='ocrx_word' id='word_1_132' title='bbox 888 1523 917 1572; x_wconf 89' lang='lat' dir='ltr'><strong>et</strong></span> <span class='ocrx_word' id='word_1_133' title='bbox 930 1512 1079 1573; x_wconf 87' lang='lat' dir='ltr'><strong>Phaonem</strong></span> <span class='ocrx_word' id='word_1_134' title='bbox 1094 1514 1182 1574; x_wconf 66' lang='lat' dir='ltr'><strong>lte-ts</strong></span> 
     </span>
     <span class='ocr_line' id='line_1_17' title="bbox 143 1595 1150 1676; baseline -0.001 -17"><span class='ocrx_word' id='word_1_135' title='bbox 143 1598 234 1659; x_wconf 91' lang='lat' dir='ltr'><strong>sbium</strong></span> <span class='ocrx_word' id='word_1_136' title='bbox 250 1598 387 1657; x_wconf 87' lang='lat' dir='ltr'><strong>dilectum</strong></span> <span class='ocrx_word' id='word_1_137' title='bbox 402 1615 417 1656; x_wconf 98' lang='lat' dir='ltr'><strong>a</strong></span> <span class='ocrx_word' id='word_1_138' title='bbox 433 1597 563 1676; x_wconf 86' lang='lat' dir='ltr'><strong>Sappho,</strong></span> <span class='ocrx_word' id='word_1_139' title='bbox 580 1597 667 1655; x_wconf 90' lang='lat' dir='ltr'><strong>multa</strong></span> <span class='ocrx_word' id='word_1_140' title='bbox 689 1598 767 1656; x_wconf 89' lang='lat' dir='ltr'><strong>circa</strong></span> <span class='ocrx_word' id='word_1_141' title='bbox 781 1597 838 1656; x_wconf 90' lang='lat' dir='ltr'><strong>hoc</strong></span> <span class='ocrx_word' id='word_1_142' title='bbox 855 1613 912 1656; x_wconf 92' lang='lat' dir='ltr'><strong>non</strong></span> <span class='ocrx_word' id='word_1_143' title='bbox 926 1595 1079 1672; x_wconf 82' lang='lat' dir='ltr'><strong>Magorum</strong></span> <span class='ocrx_word' id='word_1_144' title='bbox 1101 1615 1150 1658; x_wconf 87' lang='lat' dir='ltr'><strong>so·</strong></span> 
     </span>
    </p>

    <p class='ocr_par' dir='ltr' id='par_1_5' title="bbox 98 1680 1181 2176">
     <span class='ocr_line' id='line_1_18' title="bbox 98 1680 1150 1756; baseline -0.005 -11"><span class='ocrx_word' id='word_1_145' title='bbox 98 1682 199 1745; x_wconf 77' lang='lat' dir='ltr'><strong>tllum</strong></span> <span class='ocrx_word' id='word_1_146' title='bbox 221 1683 347 1741; x_wconf 88' lang='lat' dir='ltr'><strong>vanitate</strong></span> <span class='ocrx_word' id='word_1_147' title='bbox 370 1680 525 1740; x_wconf 88' lang='lat' dir='ltr'><strong>sedetiam</strong></span> <span class='ocrx_word' id='word_1_148' title='bbox 545 1680 813 1756; x_wconf 87' lang='lat' dir='ltr'><strong>Pythagoricorum.</strong></span> <span class='ocrx_word' id='word_1_149' title='bbox 847 1681 900 1740; x_wconf 95' lang='lat' dir='ltr'><strong>sed</strong></span> <span class='ocrx_word' id='word_1_150' title='bbox 920 1681 948 1738; x_wconf 92' lang='lat' dir='ltr'><strong>in</strong></span> <span class='ocrx_word' id='word_1_151' title='bbox 962 1681 1079 1741; x_wconf 91' lang='lat' dir='ltr'><strong>medico</strong></span> <span class='ocrx_word' id='word_1_152' title='bbox 1095 1699 1150 1740; x_wconf 90' lang='lat' dir='ltr'><strong>usn</strong></span> 
     </span>
     <span class='ocr_line' id='line_1_19' title="bbox 142 1763 1149 1844; baseline 0 -20"><span class='ocrx_word' id='word_1_153' title='bbox 142 1773 260 1844; x_wconf 88' lang='lat' dir='ltr'><strong>praeter</strong></span> <span class='ocrx_word' id='word_1_154' title='bbox 275 1781 362 1842; x_wconf 89' lang='lat' dir='ltr'><strong>supra</strong></span> <span class='ocrx_word' id='word_1_155' title='bbox 379 1764 455 1824; x_wconf 89' lang='lat' dir='ltr'><strong>dicta</strong></span> <span class='ocrx_word' id='word_1_156' title='bbox 470 1764 622 1823; x_wconf 87' lang='lat' dir='ltr'><strong>auxiliatur</strong></span> <span class='ocrx_word' id='word_1_157' title='bbox 639 1763 848 1839; x_wconf 82' lang='lat' dir='ltr'><strong>inflationibus,</strong></span> <span class='ocrx_word' id='word_1_158' title='bbox 870 1764 1057 1841; x_wconf 79' lang='lat' dir='ltr'><strong>torminibus,</strong></span> <span class='ocrx_word' id='word_1_159' title='bbox 1082 1781 1149 1824; x_wconf 94' lang='lat' dir='ltr'><strong>cor·</strong></span> 
     </span>
     <span class='ocr_line' id='line_1_20' title="bbox 142 1847 1148 1925; baseline -0.001 -17"><span class='ocrx_word' id='word_1_160' title='bbox 142 1850 185 1909; x_wconf 91' lang='lat' dir='ltr'><strong>dis</strong></span> <span class='ocrx_word' id='word_1_161' title='bbox 206 1849 298 1923; x_wconf 84' lang='lat' dir='ltr'><strong>vitiis,</strong></span> <span class='ocrx_word' id='word_1_162' title='bbox 322 1847 490 1922; x_wconf 84' lang='lat' dir='ltr'><strong>stomacho,</strong></span> <span class='ocrx_word' id='word_1_163' title='bbox 514 1847 651 1920; x_wconf 90' lang='lat' dir='ltr'><strong>iocineri,</strong></span> <span class='ocrx_word' id='word_1_164' title='bbox 682 1847 861 1923; x_wconf 89' lang='lat' dir='ltr'><strong>praecordiis</strong></span> <span class='ocrx_word' id='word_1_165' title='bbox 887 1848 915 1905; x_wconf 94' lang='lat' dir='ltr'><strong>in</strong></span> <span class='ocrx_word' id='word_1_166' title='bbox 940 1865 1015 1925; x_wconf 89' lang='lat' dir='ltr'><strong>aqua</strong></span> <span class='ocrx_word' id='word_1_167' title='bbox 1042 1848 1148 1923; x_wconf 91' lang='lat' dir='ltr'><strong>mulsa,</strong></span> 
     </span>
     <span class='ocr_line' id='line_1_21' title="bbox 142 1929 1181 2010; baseline 0 -18"><span class='ocrx_word' id='word_1_168' title='bbox 142 1933 210 1992; x_wconf 90' lang='lat' dir='ltr'><strong>lieni</strong></span> <span class='ocrx_word' id='word_1_169' title='bbox 225 1933 254 1989; x_wconf 92' lang='lat' dir='ltr'><strong>in</strong></span> <span class='ocrx_word' id='word_1_170' title='bbox 269 1947 378 2008; x_wconf 88' lang='lat' dir='ltr'><strong>posca,</strong></span> <span class='ocrx_word' id='word_1_171' title='bbox 401 1931 469 1988; x_wconf 90' lang='lat' dir='ltr'><strong>item</strong></span> <span class='ocrx_word' id='word_1_172' title='bbox 485 1947 522 1987; x_wconf 86' lang='lat' dir='ltr'><strong>ex</strong></span> <span class='ocrx_word' id='word_1_173' title='bbox 537 1931 629 1988; x_wconf 91' lang='lat' dir='ltr'><strong>mulsa</strong></span> <span class='ocrx_word' id='word_1_174' title='bbox 642 1929 771 2005; x_wconf 92' lang='lat' dir='ltr'><strong>renibus,</strong></span> <span class='ocrx_word' id='word_1_175' title='bbox 794 1930 992 2007; x_wconf 81' lang='lat' dir='ltr'><strong>stranguriae,</strong></span> <span class='ocrx_word' id='word_1_176' title='bbox 1015 1931 1181 2010; x_wconf 77' lang='lat' dir='ltr'><strong>opisthoto</strong></span> 
     </span>
     <span class='ocr_line' id='line_1_22' title="bbox 142 2011 1151 2090; baseline 0 -17"><span class='ocrx_word' id='word_1_177' title='bbox 142 2016 234 2089; x_wconf 93' lang='lat' dir='ltr'><strong>tonis,</strong></span> <span class='ocrx_word' id='word_1_178' title='bbox 258 2015 400 2089; x_wconf 88' lang='lat' dir='ltr'><strong>spasmis,</strong></span> <span class='ocrx_word' id='word_1_179' title='bbox 420 2011 540 2088; x_wconf 88' lang='lat' dir='ltr'><strong>lumbis,</strong></span> <span class='ocrx_word' id='word_1_180' title='bbox 564 2013 743 2090; x_wconf 74' lang='lat' dir='ltr'><strong>hydropicis,</strong></span> <span class='ocrx_word' id='word_1_181' title='bbox 768 2013 976 2089; x_wconf 89' lang='lat' dir='ltr'><strong>comitialibus,</strong></span> <span class='ocrx_word' id='word_1_182' title='bbox 996 2015 1151 2075; x_wconf 90' lang='lat' dir='ltr'><strong>mulierum</strong></span> 
     </span>
     <span class='ocr_line' id='line_1_23' title="bbox 142 2094 1150 2176; baseline 0.002 -20"><span class='ocrx_word' id='word_1_183' title='bbox 142 2095 305 2171; x_wconf 90' lang='lat' dir='ltr'><strong>mensibus,</strong></span> <span class='ocrx_word' id='word_1_184' title='bbox 326 2097 388 2155; x_wconf 91' lang='lat' dir='ltr'><strong>sive</strong></span> <span class='ocrx_word' id='word_1_185' title='bbox 404 2094 551 2156; x_wconf 87' lang='lat' dir='ltr'><strong>subsidant</strong></span> <span class='ocrx_word' id='word_1_186' title='bbox 572 2097 635 2155; x_wconf 85' lang='lat' dir='ltr'><strong>sive</strong></span> <span class='ocrx_word' id='word_1_187' title='bbox 651 2096 808 2174; x_wconf 88' lang='lat' dir='ltr'><strong>abundent,</strong></span> <span class='ocrx_word' id='word_1_188' title='bbox 829 2097 1040 2176; x_wconf 86' lang='lat' dir='ltr'><strong>volvarumque</strong></span> <span class='ocrx_word' id='word_1_189' title='bbox 1058 2100 1150 2158; x_wconf 92' lang='lat' dir='ltr'><strong>omni·</strong></span> 
     </span>
    </p>

    <p class='ocr_par' dir='ltr' id='par_1_6' title="bbox 100 2180 1180 2674">
     <span class='ocr_line' id='line_1_24' title="bbox 100 2180 1150 2260; baseline 0 -18"><span class='ocrx_word' id='word_1_190' title='bbox 100 2180 198 2242; x_wconf 79' lang='lat' dir='ltr'><strong>tatus</strong></span> <span class='ocrx_word' id='word_1_191' title='bbox 221 2180 308 2239; x_wconf 90' lang='lat' dir='ltr'><strong>vitiis.</strong></span> <span class='ocrx_word' id='word_1_192' title='bbox 343 2180 468 2240; x_wconf 82' lang='lat' dir='ltr'><strong>extrahit</strong></span> <span class='ocrx_word' id='word_1_193' title='bbox 485 2180 570 2240; x_wconf 82' lang='lat' dir='ltr'><strong>infixa</strong></span> <span class='ocrx_word' id='word_1_194' title='bbox 589 2182 706 2258; x_wconf 91' lang='lat' dir='ltr'><strong>corpori</strong></span> <span class='ocrx_word' id='word_1_195' title='bbox 724 2198 787 2239; x_wconf 91' lang='lat' dir='ltr'><strong>cum</strong></span> <span class='ocrx_word' id='word_1_196' title='bbox 801 2180 898 2239; x_wconf 91' lang='lat' dir='ltr'><strong>melle.</strong></span> <span class='ocrx_word' id='word_1_197' title='bbox 938 2189 1078 2257; x_wconf 82' lang='lat' dir='ltr'><strong>strumas,</strong></span> <span class='ocrx_word' id='word_1_198' title='bbox 1100 2199 1150 2260; x_wconf 91' lang='lat' dir='ltr'><strong>pa·</strong></span> 
     </span>
     <span class='ocr_line' id='line_1_25' title="bbox 142 2263 1150 2342; baseline 0.001 -19"><span class='ocrx_word' id='word_1_199' title='bbox 142 2265 261 2339; x_wconf 90' lang='lat' dir='ltr'><strong>rotidas,</strong></span> <span class='ocrx_word' id='word_1_200' title='bbox 281 2279 383 2342; x_wconf 86' lang='lat' dir='ltr'><strong>panos,</strong></span> <span class='ocrx_word' id='word_1_201' title='bbox 405 2263 570 2323; x_wconf 90' lang='lat' dir='ltr'><strong>recedentis</strong></span> <span class='ocrx_word' id='word_1_202' title='bbox 586 2263 621 2322; x_wconf 90' lang='lat' dir='ltr'><strong>ab</strong></span> <span class='ocrx_word' id='word_1_203' title='bbox 639 2263 755 2322; x_wconf 87' lang='lat' dir='ltr'><strong>ossibus</strong></span> <span class='ocrx_word' id='word_1_204' title='bbox 772 2265 865 2324; x_wconf 90' lang='lat' dir='ltr'><strong>carnis</strong></span> <span class='ocrx_word' id='word_1_205' title='bbox 882 2271 963 2323; x_wconf 88' lang='lat' dir='ltr'><strong>sanat</strong></span> <span class='ocrx_word' id='word_1_206' title='bbox 979 2282 1044 2323; x_wconf 91' lang='lat' dir='ltr'><strong>cum</strong></span> <span class='ocrx_word' id='word_1_207' title='bbox 1061 2282 1150 2325; x_wconf 88' lang='lat' dir='ltr'><strong>axun-</strong></span> 
     </span>
     <span class='ocr_line' id='line_1_26' title="bbox 142 2346 1180 2427; baseline -0.001 -21"><span class='ocrx_word' id='word_1_208' title='bbox 142 2349 190 2424; x_wconf 85' lang='lat' dir='ltr'><strong>gia</strong></span> <span class='ocrx_word' id='word_1_209' title='bbox 215 2347 293 2408; x_wconf 89' lang='lat' dir='ltr'><strong>salsa</strong></span> <span class='ocrx_word' id='word_1_210' title='bbox 319 2355 349 2405; x_wconf 93' lang='lat' dir='ltr'><strong>et</strong></span> <span class='ocrx_word' id='word_1_211' title='bbox 376 2355 493 2423; x_wconf 90' lang='lat' dir='ltr'><strong>cerato,</strong></span> <span class='ocrx_word' id='word_1_212' title='bbox 513 2349 581 2405; x_wconf 90' lang='lat' dir='ltr'><strong>item</strong></span> <span class='ocrx_word' id='word_1_213' title='bbox 610 2347 761 2407; x_wconf 81' lang='lat' dir='ltr'><strong>fracturas.</strong></span> <span class='ocrx_word' id='word_1_214' title='bbox 793 2346 939 2424; x_wconf 92' lang='lat' dir='ltr'><strong>crapulam</strong></span> <span class='ocrx_word' id='word_1_215' title='bbox 960 2358 1180 2427; x_wconf 73' lang='lat' dir='ltr'><strong>praesumptam</strong></span> 
     </span>
     <span class='ocr_line' id='line_1_27' title="bbox 143 2429 1152 2508; baseline 0.003 -18"><span class='ocrx_word' id='word_1_216' title='bbox 143 2441 239 2507; x_wconf 91' lang='lat' dir='ltr'><strong>arcet,</strong></span> <span class='ocrx_word' id='word_1_217' title='bbox 261 2429 356 2489; x_wconf 89' lang='lat' dir='ltr'><strong>alvom</strong></span> <span class='ocrx_word' id='word_1_218' title='bbox 373 2430 456 2488; x_wconf 91' lang='lat' dir='ltr'><strong>sistit.</strong></span> <span class='ocrx_word' id='word_1_219' title='bbox 489 2430 577 2506; x_wconf 89' lang='lat' dir='ltr'><strong>aliqui</strong></span> <span class='ocrx_word' id='word_1_220' title='bbox 592 2431 731 2489; x_wconf 11' lang='lat' dir='ltr'><strong>eanostris</strong></span> <span class='ocrx_word' id='word_1_221' title='bbox 749 2429 801 2489; x_wconf 90' lang='lat' dir='ltr'><strong>sub</strong></span> <span class='ocrx_word' id='word_1_222' title='bbox 820 2430 945 2490; x_wconf 91' lang='lat' dir='ltr'><strong>solstitio</strong></span> <span class='ocrx_word' id='word_1_223' title='bbox 967 2430 1070 2508; x_wconf 91' lang='lat' dir='ltr'><strong>colligi</strong></span> <span class='ocrx_word' id='word_1_224' title='bbox 1086 2450 1152 2493; x_wconf 91' lang='lat' dir='ltr'><strong>eam</strong></span> 
     </span>
     <span class='ocr_line' id='line_1_28' title="bbox 142 2512 1150 2590; baseline 0.004 -18"><span class='ocrx_word' id='word_1_225' title='bbox 142 2517 265 2573; x_wconf 89' lang='lat' dir='ltr'><strong>iussere.</strong></span> <span class='ocrx_word' id='word_1_226' title='bbox 293 2531 330 2572; x_wconf 84' lang='lat' dir='ltr'><strong>ex</strong></span> <span class='ocrx_word' id='word_1_227' title='bbox 343 2530 416 2590; x_wconf 88' lang='lat' dir='ltr'><strong>aqua</strong></span> <span class='ocrx_word' id='word_1_228' title='bbox 433 2512 555 2572; x_wconf 90' lang='lat' dir='ltr'><strong>caelesti</strong></span> <span class='ocrx_word' id='word_1_229' title='bbox 568 2513 667 2590; x_wconf 90' lang='lat' dir='ltr'><strong>inponi</strong></span> <span class='ocrx_word' id='word_1_230' title='bbox 685 2512 816 2572; x_wconf 92' lang='lat' dir='ltr'><strong>omnibus</strong></span> <span class='ocrx_word' id='word_1_231' title='bbox 832 2515 955 2573; x_wconf 86' lang='lat' dir='ltr'><strong>cervicis</strong></span> <span class='ocrx_word' id='word_1_232' title='bbox 971 2515 1060 2590; x_wconf 87' lang='lat' dir='ltr'><strong>vitiis,</strong></span> <span class='ocrx_word' id='word_1_233' title='bbox 1078 2533 1150 2576; x_wconf 92' lang='lat' dir='ltr'><strong>ocu·</strong></span> 
     </span>
     <span class='ocr_line' id='line_1_29' title="bbox 143 2595 1057 2674; baseline 0.003 -19"><span class='ocrx_word' id='word_1_234' title='bbox 143 2597 236 2655; x_wconf 91' lang='lat' dir='ltr'><strong>lorum</strong></span> <span class='ocrx_word' id='word_1_235' title='bbox 252 2613 368 2674; x_wconf 89' lang='lat' dir='ltr'><strong>quoque</strong></span> <span class='ocrx_word' id='word_1_236' title='bbox 384 2595 536 2672; x_wconf 86' lang='lat' dir='ltr'><strong>albugines</strong></span> <span class='ocrx_word' id='word_1_237' title='bbox 551 2613 655 2655; x_wconf 91' lang='lat' dir='ltr'><strong>sanare</strong></span> <span class='ocrx_word' id='word_1_238' title='bbox 670 2596 854 2674; x_wconf 87' lang='lat' dir='ltr'><strong>adalligatam</strong></span> <span class='ocrx_word' id='word_1_239' title='bbox 869 2597 1057 2658; x_wconf 90' lang='lat' dir='ltr'><strong>tradiderunt.</strong></span> 
     </span>
    </p>

    <p class='ocr_par' dir='ltr' id='par_1_7' title="bbox 100 2677 1183 2925">
     <span class='ocr_line' id='line_1_30' title="bbox 100 2677 1151 2779; baseline 0.005 -41"><span class='ocrx_word' id='word_1_240' title='bbox 100 2689 135 2742; x_wconf 75' lang='grc'>13</span> <span class='ocrx_word' id='word_1_241' title='bbox 210 2680 239 2739; x_wconf 89' lang='grc'><strong>9</strong></span> <span class='ocrx_word' id='word_1_242' title='bbox 263 2677 345 2760; x_wconf 87' lang='lat'>(10)</span> <span class='ocrx_word' id='word_1_243' title='bbox 369 2678 504 2757; x_wconf 89' lang='lat' dir='ltr'><strong>Suntqui</strong></span> <span class='ocrx_word' id='word_1_244' title='bbox 521 2687 550 2737; x_wconf 91' lang='lat' dir='ltr'><strong>et</strong></span> <span class='ocrx_word' id='word_1_245' title='bbox 570 2697 688 2739; x_wconf 89' lang='lat' dir='ltr'><strong>acanum</strong></span> <span class='ocrx_word' id='word_1_246' title='bbox 704 2680 825 2779; x_wconf 78' lang='lat' dir='ltr'><strong>eryngio</strong></span> <span class='ocrx_word' id='word_1_247' title='bbox 844 2680 1027 2757; x_wconf 89' lang='lat' dir='ltr'><strong>adscribant,</strong></span> <span class='ocrx_word' id='word_1_248' title='bbox 1050 2683 1151 2760; x_wconf 92' lang='lat' dir='ltr'><strong>spino·</strong></span> 
     </span>
     <span class='ocr_line' id='line_1_31' title="bbox 143 2761 1183 2859; baseline 0.004 -39"><span class='ocrx_word' id='word_1_249' title='bbox 143 2780 203 2822; x_wconf 92' lang='lat' dir='ltr'><strong>sam</strong></span> <span class='ocrx_word' id='word_1_250' title='bbox 223 2761 401 2837; x_wconf 84' lang='lat' dir='ltr'><strong>brevemque</strong></span> <span class='ocrx_word' id='word_1_251' title='bbox 415 2779 450 2820; x_wconf 90' lang='lat' dir='ltr'><strong>ac</strong></span> <span class='ocrx_word' id='word_1_252' title='bbox 468 2762 554 2821; x_wconf 88' lang='lat' dir='ltr'><strong>latam</strong></span> <span class='ocrx_word' id='word_1_253' title='bbox 574 2761 693 2822; x_wconf 85' lang='lat' dir='ltr'><strong>henham</strong></span> <span class='ocrx_word' id='word_1_254' title='bbox 712 2764 862 2859; x_wconf 88' lang='lat' dir='ltr'><strong>spinisque</strong></span> <span class='ocrx_word' id='word_1_255' title='bbox 877 2763 1040 2824; x_wconf 89' lang='lat' dir='ltr'><strong>latioribus.</strong></span> <span class='ocrx_word' id='word_1_256' title='bbox 1074 2765 1183 2827; x_wconf 79' lang='lat' dir='ltr'><strong>bancos</strong></span> 
     </span>
     <span class='ocr_line' id='line_1_32' title="bbox 144 2845 696 2925; baseline 0 -21"><span class='ocrx_word' id='word_1_257' title='bbox 144 2846 297 2925; x_wconf 85' lang='lat' dir='ltr'><strong>inpositam</strong></span> <span class='ocrx_word' id='word_1_258' title='bbox 312 2845 479 2919; x_wconf 87' lang='lat' dir='ltr'><strong>sanguinem</strong></span> <span class='ocrx_word' id='word_1_259' title='bbox 494 2845 566 2904; x_wconf 90' lang='lat' dir='ltr'><strong>mire</strong></span> <span class='ocrx_word' id='word_1_260' title='bbox 582 2847 696 2904; x_wconf 87' lang='lat' dir='ltr'><strong>sistere.</strong></span> 
     </span>
    </p>
   </div>
   <div class='ocr_carea' id='block_1_3' title="bbox 100 2925 1153 3176">
    <p class='ocr_par' dir='ltr' id='par_1_8' title="bbox 100 2925 1153 3175">
     <span class='ocr_line' id='line_1_33' title="bbox 100 2925 1152 3011; baseline 0.002 -21"><span class='ocrx_word' id='word_1_261' title='bbox 100 2937 136 2992; x_wconf 74' lang='lat'><strong>24</strong></span> <span class='ocrx_word' id='word_1_262' title='bbox 210 2925 289 3011; x_wconf 88' lang='grc'>(11)</span> <span class='ocrx_word' id='word_1_263' title='bbox 313 2927 372 2987; x_wconf 86' lang='lat' dir='ltr'><strong>Alii</strong></span> <span class='ocrx_word' id='word_1_264' title='bbox 390 2944 519 3004; x_wconf 78' lang='lat' dir='ltr'><strong>eryngen</strong></span> <span class='ocrx_word' id='word_1_265' title='bbox 541 2928 616 2988; x_wconf 81' lang='lat' dir='ltr'><strong>falso</strong></span> <span class='ocrx_word' id='word_1_266' title='bbox 641 2929 761 2989; x_wconf 90' lang='lat' dir='ltr'><strong>eandem</strong></span> <span class='ocrx_word' id='word_1_267' title='bbox 785 2939 926 3008; x_wconf 83' lang='lat' dir='ltr'><strong>putavere</strong></span> <span class='ocrx_word' id='word_1_268' title='bbox 943 2947 1011 2989; x_wconf 88' lang='lat' dir='ltr'><strong>esse</strong></span> <span class='ocrx_word' id='word_1_269' title='bbox 1035 2939 1066 2990; x_wconf 92' lang='lat' dir='ltr'><strong>et</strong></span> <span class='ocrx_word' id='word_1_270' title='bbox 1085 2933 1152 3008; x_wconf 85' lang='lat' dir='ltr'><strong>gly-</strong></span> 
     </span>
     <span class='ocr_line' id='line_1_34' title="bbox 144 3010 1153 3092; baseline 0.003 -20"><span class='ocrx_word' id='word_1_271' title='bbox 144 3011 319 3087; x_wconf 85' lang='lat' dir='ltr'><strong>cyrrhinam,</strong></span> <span class='ocrx_word' id='word_1_272' title='bbox 342 3027 430 3089; x_wconf 92' lang='lat' dir='ltr'><strong>quare</strong></span> <span class='ocrx_word' id='word_1_273' title='bbox 448 3010 581 3088; x_wconf 87' lang='lat' dir='ltr'><strong>subiungi</strong></span> <span class='ocrx_word' id='word_1_274' title='bbox 597 3029 661 3071; x_wconf 89' lang='lat' dir='ltr'><strong>eam</strong></span> <span class='ocrx_word' id='word_1_275' title='bbox 676 3014 804 3090; x_wconf 91' lang='lat' dir='ltr'><strong>protinus</strong></span> <span class='ocrx_word' id='word_1_276' title='bbox 825 3014 990 3081; x_wconf 77' lang='lat' dir='ltr'><strong>refert..et</strong></span> <span class='ocrx_word' id='word_1_277' title='bbox 1004 3014 1070 3092; x_wconf 88' lang='lat' dir='ltr'><strong>ipsa</strong></span> <span class='ocrx_word' id='word_1_278' title='bbox 1087 3017 1153 3075; x_wconf 89' lang='lat' dir='ltr'><strong>sine</strong></span> 
     </span>
     <span class='ocr_line' id='line_1_35' title="bbox 144 3094 1153 3176; baseline 0.005 -21"><span class='ocrx_word' id='word_1_279' title='bbox 144 3095 229 3155; x_wconf 94' lang='lat' dir='ltr'><strong>dubio</strong></span> <span class='ocrx_word' id='word_1_280' title='bbox 246 3095 321 3152; x_wconf 91' lang='lat' dir='ltr'><strong>inter</strong></span> <span class='ocrx_word' id='word_1_281' title='bbox 343 3094 491 3154; x_wconf 89' lang='lat' dir='ltr'><strong>aculeatas</strong></span> <span class='ocrx_word' id='word_1_282' title='bbox 512 3103 573 3172; x_wconf 89' lang='lat' dir='ltr'><strong>est,</strong></span> <span class='ocrx_word' id='word_1_283' title='bbox 599 3095 677 3155; x_wconf 85' lang='lat' dir='ltr'><strong>foliis</strong></span> <span class='ocrx_word' id='word_1_284' title='bbox 699 3098 838 3157; x_wconf 90' lang='lat' dir='ltr'><strong>echinatis</strong></span> <span class='ocrx_word' id='word_1_285' title='bbox 846 3096 1035 3176; x_wconf 88' lang='lat' dir='ltr'><strong>,pinguibus</strong></span> <span class='ocrx_word' id='word_1_286' title='bbox 1057 3107 1153 3159; x_wconf 89' lang='lat' dir='ltr'><strong>tactu·</strong></span> 
     </span>
    </p>
   </div>
   <div class='ocr_carea' id='block_1_4' title="bbox 85 3143 1186 3513">
    <p class='ocr_par' dir='ltr' id='par_1_9' title="bbox 144 3143 1186 3258">
     <span class='ocr_line' id='line_1_36' title="bbox 144 3143 1186 3258; baseline 0.003 -20"><span class='ocrx_word' id='word_1_287' title='bbox 144 3195 200 3257; x_wconf 92' lang='lat' dir='ltr'><strong>que</strong></span> <span class='ocrx_word' id='word_1_288' title='bbox 217 3178 409 3254; x_wconf 89' lang='lat' dir='ltr'><strong>cumminosis,</strong></span> <span class='ocrx_word' id='word_1_289' title='bbox 432 3178 581 3254; x_wconf 84' lang='lat' dir='ltr'><strong>fruticosa,</strong></span> <span class='ocrx_word' id='word_1_290' title='bbox 602 3178 699 3239; x_wconf 88' lang='lat' dir='ltr'><strong>binum</strong></span> <span class='ocrx_word' id='word_1_291' title='bbox 715 3143 875 3240; x_wconf 82' lang='lat' dir='ltr'><strong>cubitoruht</strong></span> <span class='ocrx_word' id='word_1_292' title='bbox 890 3180 1051 3258; x_wconf 91' lang='lat' dir='ltr'><strong>altitudine,</strong></span> <span class='ocrx_word' id='word_1_293' title='bbox 1072 3181 1186 3245; x_wconf 76' lang='lat' dir='ltr'><strong>dorcas</strong></span> 
     </span>
    </p>

    <p class='ocr_par' dir='ltr' id='par_1_10' title="bbox 143 3260 1153 3360">
     <span class='ocr_line' id='line_1_37' title="bbox 143 3260 1153 3360; baseline 0.003 -37"><span class='ocrx_word' id='word_1_294' title='bbox 143 3260 305 3360; x_wconf 75' lang='lat' dir='ltr'><strong>hyacinthi,</strong></span> <span class='ocrx_word' id='word_1_295' title='bbox 327 3261 422 3320; x_wconf 88' lang='lat' dir='ltr'><strong>fructu</strong></span> <span class='ocrx_word' id='word_1_296' title='bbox 443 3262 595 3340; x_wconf 90' lang='lat' dir='ltr'><strong>pilularum</strong></span> <span class='ocrx_word' id='word_1_297' title='bbox 615 3263 722 3342; x_wconf 88' lang='lat' dir='ltr'><strong>platani</strong></span> <span class='ocrx_word' id='word_1_298' title='bbox 744 3265 957 3341; x_wconf 91' lang='lat' dir='ltr'><strong>magnitudinis</strong></span> <span class='ocrx_word' id='word_1_299' title='bbox 997 3275 1153 3343; x_wconf 86' lang='lat' dir='ltr'><strong>praestan·</strong></span> 
     </span>
    </p>

    <p class='ocr_par' dir='ltr' id='par_1_11' title="bbox 85 3341 1153 3513">
     <span class='ocr_line' id='line_1_38' title="bbox 145 3341 1153 3423; baseline 0.005 -17"><span class='ocrx_word' id='word_1_300' title='bbox 145 3341 429 3421; x_wconf 80' lang='lat' dir='ltr'><strong>tissimaincilicia,</strong></span> <span class='ocrx_word' id='word_1_301' title='bbox 448 3345 576 3405; x_wconf 88' lang='lat' dir='ltr'><strong>secunda</strong></span> <span class='ocrx_word' id='word_1_302' title='bbox 592 3347 700 3423; x_wconf 87' lang='lat' dir='ltr'><strong>Ponto,</strong></span> <span class='ocrx_word' id='word_1_303' title='bbox 722 3348 927 3422; x_wconf 87' lang='lat' dir='ltr'><strong>radicedulci,</strong></span> <span class='ocrx_word' id='word_1_304' title='bbox 950 3347 1071 3408; x_wconf 88' lang='lat' dir='ltr'><strong>ethaeo</strong></span> <span class='ocrx_word' id='word_1_305' title='bbox 1089 3360 1153 3411; x_wconf 91' lang='lat' dir='ltr'><strong>tan-</strong></span> 
     </span>
     <span class='ocr_line' id='line_1_39' title="bbox 85 3430 1154 3513; baseline 0.006 -25"><span class='ocrx_word' id='word_1_306' title='bbox 85 3437 124 3492; x_wconf 79' lang='lat'><strong>25</strong></span> <span class='ocrx_word' id='word_1_307' title='bbox 134 3439 194 3492; x_wconf 90' lang='lat' dir='ltr'><strong>tum</strong></span> <span class='ocrx_word' id='word_1_308' title='bbox 220 3431 250 3492; x_wconf 89' lang='lat' dir='ltr'><strong>in</strong></span> <span class='ocrx_word' id='word_1_309' title='bbox 277 3447 341 3492; x_wconf 90' lang='lat' dir='ltr'><strong>usu.</strong></span> <span class='ocrx_word' id='word_1_310' title='bbox 378 3430 490 3513; x_wconf 89' lang='lat' dir='ltr'><strong>capitur</strong></span> <span class='ocrx_word' id='word_1_311' title='bbox 510 3446 546 3491; x_wconf 89' lang='lat' dir='ltr'><strong>ea</strong></span> <span class='ocrx_word' id='word_1_312' title='bbox 565 3430 751 3508; x_wconf 82' lang='lat' dir='ltr'><strong>vergiliarum</strong></span> <span class='ocrx_word' id='word_1_313' title='bbox 777 3447 885 3491; x_wconf 90' lang='lat' dir='ltr'><strong>occasu</strong></span> <span class='ocrx_word' id='word_1_314' title='bbox 893 3432 1011 3508; x_wconf 88' lang='lat' dir='ltr'><strong>,longa</strong></span> <span class='ocrx_word' id='word_1_315' title='bbox 1033 3449 1091 3492; x_wconf 91' lang='lat' dir='ltr'><strong>cen</strong></span> <span class='ocrx_word' id='word_1_316' title='bbox 1109 3435 1154 3494; x_wconf 85' lang='lat' dir='ltr'><strong>vi-</strong></span> 
     </span>
    </p>
   </div>
   <div class='ocr_carea' id='block_1_5' title="bbox 0 0 1216 3840">
    <p class='ocr_par' dir='ltr' id='par_1_12' title="bbox 0 0 1216 3840">
     <span class='ocr_line' id='line_1_40' title="bbox 0 0 1216 3840; baseline 0 9"><span class='ocrx_word' id='word_1_317' title='bbox 0 0 1216 3840; x_wconf 95' lang='lat' dir='ltr'><strong> </strong></span> 
     </span>
    </p>
   </div>
  </div>
 </body>
</html>
