2422 3840
113 189 173 250 100
442 197 472 245 o.
490 197 587 244 amru
602 195 753 244 snounnr
830 229 833 233 ,

107 363 202 415 status
217 352 303 430 ilago
321 354 431 419 censuit
451 353 508 412 hoc
531 351 652 412 exordio
677 358 835 430 praecepta
855 349 984 428 pandere
1002 351 1114 427 ingres·

113 457 177 514 sus,
199 446 341 496 attamen
358 437 497 514 adpareat
512 435 713 496 adsiduitatem
727 432 920 495 desideratam
933 433 970 492 ab
986 450 1035 493 eo.
1072 434 1113 512 [l]

70 531 105 587 36
116 521 229 581 Dehinc
248 521 352 598 peritia
373 520 525 581 vilicorum
545 521 573 578 in
589 537 657 579 eura
682 516 814 578 habenda
832 527 892 592 est,
915 517 1062 596 multaque
1077 516 1115 577 de

113 606 157 665 his
174 602 247 665 Cato
286 606 427 682 raecepit.
456 604 540 663 nobis
558 604 628 663 satis
650 602 688 662 sit
709 603 817 662 dixisse
838 619 922 679 quam
943 618 1114 679 proxumum

112 689 228 749 domino
255 622 345 748 cpdrde
361 707 429 748 esse
453 687 564 748 debere
582 697 611 746 et
631 695 728 746 tamen
747 685 918 764 sibimetipsi
938 701 997 743 non
1011 685 1137 746 videris

112 773 171 832 coli
187 791 253 832 rura
270 771 307 831 ab
334 771 488 851 ergastulis
511 788 676 850 pessumum
700 779 745 830 est
770 779 799 829 et
824 768 961 848 quidquid
979 770 1073 846 agitur
1098 785 1115 827 a

113 854 343 934 desperantibus.
368 857 552 915 temerarium
566 855 698 916 videatur
716 871 800 913 unam
814 870 919 913 vocem
933 855 1115 931 antiquorum

113 941 267 1017 posuisse,
294 947 323 997 et
338 939 472 998 fortassis
491 939 663 999 incredibile
678 938 792 1017 penitus
808 939 991 997 aestimetur:
1019 937 1115 996 nihil

70 1019 1114 1100 siminusexpedirequamagrumoptumecolere.hla-

111 1109 172 1165 rius
184 1104 275 1164 Rufus
289 1105 383 1165 infima
396 1106 530 1165 natalium
543 1106 701 1166 humilitate
715 1105 895 1165 consulatum
909 1104 1024 1165 militari
1036 1104 1114 1168 indu·
1125 1122 1149 1163 ro

113 1191 182 1248 stria
196 1190 325 1264 meritus,
342 1191 475 1268 antiquae
490 1188 561 1249 alias
577 1190 781 1269 parsimoniae,
799 1190 917 1249 circiter
929 1189 1042 1248 miliens
1056 1187 1113 1247 HS.

113 1272 287 1332 liberalitate
304 1273 362 1332 divi
376 1272 500 1349 Augusti
516 1282 685 1350 congestum
701 1292 793 1352 usque
818 1274 855 1334 ad
875 1274 1115 1335 detractationem

113 1357 231 1417 heredis
246 1355 380 1416 exhausit
405 1372 493 1434 agros
518 1359 548 1416 in
572 1358 862 1418 Piceno‘ooemendo
885 1357 1070 1434 colendoque
1087 1358 1115 1414 in

112 1440 244 1517 gloriam.
283 1441 503 1501 internicionem
527 1459 599 1519 ergo
622 1442 785 1520 lamemque
811 1437 987 1502 censemus?
1017 1442 1113 1515 immo,

70 1522 265 1599 38Hercules,
282 1525 396 1585 modom
417 1525 541 1585 iudicem
562 1543 658 1585 rerum
680 1528 802 1584 omnium
817 1524 1006 1584 utilissimum.
1036 1523 1112 1583 berre
1126 1543 1149 1584 rs

115 1608 215 1668 colere
240 1610 440 1669 necessarium
465 1618 527 1684 est,
560 1617 678 1687 optume
705 1609 880 1668 damnosum.
912 1616 1115 1686 praeterquam

114 1690 235 1767 subole,
261 1710 315 1752 suo
344 1693 450 1752 colono
476 1701 524 1752 aut
548 1692 703 1771 pascendis
728 1692 838 1771 alioqui
862 1692 977 1752 colente
1000 1692 1115 1752 domiuo

113 1775 225 1852 aliquas
243 1776 347 1834 messis
372 1775 513 1852 colligere
534 1793 592 1834 non
613 1776 748 1854 expedit,
775 1778 800 1836 si
821 1785 993 1854 conputetur
1015 1777 1115 1855 iopen·

112 1859 188 1918 dium
205 1875 332 1935 operae,
360 1876 416 1917 nec
430 1866 541 1918 temere
557 1859 679 1934 olivam,
708 1878 765 1919 neo
781 1861 919 1939 quasdam
934 1869 1028 1919 terras
1052 1860 1115 1919 dili-

108 1943 218 2018 g'enter
233 1941 345 2016 colere,
365 1942 440 1999 sicut
456 1942 484 2000 in
497 1942 597 2003 Sicilia
611 1942 735 2018 tradunt,
751 1945 848 2022 itaque
864 1944 960 2022 decipi
976 1943 1113 2003 advenas.
1123 1956 1149 1997 ao

70 2032 104 2086 ³9
176 2022 238 2102 (8.)
259 2025 300 2103 [1]
318 2024 448 2098 Quonam
470 2026 557 2102 igitur
585 2026 672 2087 modo
698 2027 849 2088 utilissime
876 2028 1009 2086 colentur
1030 2023 1115 2103 agri?

113 2126 151 2167 en
166 2108 285 2167 oraculo
307 2108 435 2168 scilicet:
458 2110 564 2171 malis
586 2112 702 2172 bonis.
728 2112 782 2171 sed
799 2111 916 2172 defendi
930 2126 1054 2188 aequom
1069 2118 1115 2167 est

112 2191 222 2252 abares
244 2194 294 2270 qui
312 2195 480 2273 praeceptis
500 2196 560 2255 suis
582 2214 765 2274 prospexere
780 2197 867 2256 vitae.
910 2211 1033 2272 namque
1050 2211 1114 2252 cum

114 2275 245 2335 dicerent
273 2277 393 2354 malis,
419 2278 596 2356 intellegere
621 2280 745 2339 uoluere
774 2280 940 2338 uilissimos.
976 2294 1114 2338 summum

112 2361 313 2438 providentiae
337 2360 452 2421 illorum
475 2363 527 2422 luit
550 2372 580 2422 ut
605 2380 688 2441 quam
710 2364 861 2424 minumum
884 2371 964 2423 esset
987 2361 1150 2440 inpendius

114 2445 335 2522 praecipiebant
351 2447 426 2505 eninr
448 2447 503 2504 ista
518 2447 566 2523 qui
583 2445 772 2524 triumphales
789 2446 878 2506 denas
893 2448 1006 2523 argenti
1026 2445 1115 2507 libras

114 2529 142 2584 in
163 2527 348 2603 supellectile
366 2530 475 2588 crimini
497 2529 616 2605 dabant,
643 2531 691 2607 qui
709 2539 822 2589 mortuo
843 2530 930 2589 vilico
947 2530 1115 2608 relinquere

114 2610 251 2668 victorias
267 2619 296 2669 et
309 2614 418 2671 reverti
432 2614 461 2671 in
474 2631 541 2672 rura
556 2631 608 2673 sna
622 2613 824 2692 postulabant,
852 2630 973 2692 quorum
996 2611 1115 2673 heredia

114 2691 238 2751 colenda
252 2695 431 2771 suscipiebat
450 2714 499 2755 res
516 2697 647 2774 publica,
675 2699 882 2777 exercitusque
904 2697 1049 2758 ducebant
1069 2713 1114 2754 se·

72 2782 180 2837 donata
213 2774 271 2834 illis
298 2777 445 2837 vilicaute.
491 2777 562 2839 Inde
586 2780 636 2853 illa
660 2781 773 2859 reliqua
800 2781 934 2842 oracula:
961 2790 1151 2859 nequam³0

113 2858 321 2936 agricolam
343 2877 429 2919 esse
452 2863 624 2940 quisquis
640 2874 781 2924 emeret
798 2865 893 2944 quod
910 2874 1117 2943 praestare

115 2945 147 3001 ei
174 2943 302 3002 fundus
328 2953 477 3022 posset,
501 2945 632 3006 malum
658 2956 798 3025 patrem
825 2949 988 3010 familias
1015 2949 1116 3026 quis·

114 3027 199 3102 quis
220 3027 383 3088 interdiu
406 3028 664 3108 laceretquod
684 3042 796 3093 noctu
815 3042 965 3113 posset,
995 3033 1118 3092 nisiin

114 3116 347 3186 tempestate
368 3112 484 3188 caeli,
507 3114 671 3192 peiorem
694 3117 754 3193 qui
778 3118 963 3196 profestis
983 3115 1118 3177 diebus

114 3200 248 3268 ageret
264 3194 360 3270 quod
383 3195 535 3256 feriatis
551 3197 726 3276 deberet,
756 3200 1037 3280 pessumumqui
1059 3215 1153 3260 se·as

114 3292 204 3335 reno
235 3275 293 3336 die
321 3278 384 3338 sub
414 3288 517 3340 tecto
549 3285 680 3360 potius
712 3295 936 3364 operaretur
960 3303 1062 3364 quam
1083 3285 1118 3342 in

72 3365 104 3420 ll
116 3377 214 3436 agro.
244 3361 285 3441 [2]
303 3360 426 3443 Nequeo
446 3364 513 3424 mihi
534 3374 700 3445 temperare
722 3387 779 3448 quo
799 3371 890 3429 minus
910 3388 996 3429 unum
1019 3386 1117 3430 exem·

114 3443 193 3519 plum
208 3447 383 3525 antiquitatis
400 3447 530 3510 adferam
548 3470 585 3512 err
601 3469 658 3532 quo
673 3452 806 3531 intellegi
820 3455 914 3532 possit
931 3451 1007 3533 apud
1024 3469 1118 3532 popu-
