2422 3840
146 176 208 238 tto
479 185 510 234 c.
528 185 625 233 sunm
640 183 791 233 succum

146 341 233 402 tibus.
263 340 359 400 radice
376 339 507 400 lichenas
524 349 553 399 et
568 339 667 417 lepras
684 349 799 415 curant,
814 341 843 398 in
856 340 924 397 vino
941 355 1012 398 vero
1028 339 1158 402 decocta

147 435 269 486 strumas
292 433 321 483 et
338 423 484 501 parotidas
508 432 537 482 et
560 423 707 498 calculos,
731 433 801 502 poto
818 424 886 481 vino
902 431 931 481 et
951 423 1044 482 lienes
1061 425 1157 500 inlita,

148 509 297 569 coeliacos
319 524 413 586 aeque
434 516 463 567 et
486 507 679 582 dysintericos
701 516 730 566 et
750 517 909 567 tenesmos.
939 506 975 566 ad
991 507 1158 587 eademque

148 593 241 652 omnia
258 591 407 650 efficacius
421 593 466 650 ius
480 591 609 668 lapathi,
631 601 660 650 et
679 600 778 650 ructus
794 591 862 650 iacit
879 599 908 649 et
922 591 1032 650 urinam
1051 593 1114 651 ciet
1130 601 1160 651 et

148 676 302 752 caliginem
317 676 468 735 oculorum
483 675 614 750 discutit,
637 675 706 734 item
723 677 861 752 pruritum
877 677 1010 751 corporis
1031 676 1061 734 in
1081 676 1184 736 soliar

104 771 155 824 235
165 759 342 820 balinearum
355 759 480 819 additum
497 768 544 818 aut
559 760 638 836 prius
655 759 749 836 ipsum
763 759 872 818 inlitum
884 760 946 817 sine
959 758 1038 817 oleo.
1063 759 1161 820 firmat

84 868 97 889 ·
148 854 178 903 et
194 845 418 903 conmanducata
433 842 516 903 radix
532 842 634 902 dentis.
659 842 761 902 eadem
777 843 901 903 decocta
916 860 980 902 curn
994 843 1063 902 vino
1081 845 1161 902 sistit

148 929 260 1002 alvom,
279 928 349 987 folia
364 927 490 986 solvont.
513 924 627 985 Adiecit
643 926 733 1000 Solo,
749 944 786 985 ne
802 926 868 1002 quid
885 927 1059 1002 omittamus,
1072 926 1160 987 bula·

147 1012 272 1089 pathon,
294 1012 401 1070 radicis
419 1018 526 1069 tantum
543 1008 691 1068 altitudine
709 1010 848 1068 differens
863 1019 899 1077 ,et
914 1027 984 1086 erga
1000 1010 1159 1086 dysinteri-

149 1112 200 1154 cos
216 1094 322 1152 effectu
339 1101 427 1170 potae
445 1110 483 1150 ex
500 1094 577 1150 vino.
1169 1114 1189 1155 rc

105 1189 156 1244 236
221 1176 271 1235 22.
295 1175 379 1255 (87.)
408 1176 523 1253 sinapi,
547 1175 626 1234 cuius
648 1177 676 1235 in
698 1177 798 1235 sativis
818 1178 873 1237 tria
893 1195 1002 1255 genera
1019 1176 1159 1253 diximus,

106 1263 135 1306 ²⁹·
145 1260 177 1296 ¹¹¹
191 1260 371 1336 Pythagoras
384 1260 573 1337 principatum
587 1259 699 1320 habere
716 1278 753 1318 ex
771 1259 815 1318 his
834 1279 955 1339 quorum
970 1259 1098 1321 sublime
1115 1263 1160 1320 vis

147 1345 256 1404 feratur
277 1344 429 1419 iudicavit,
449 1344 583 1422 quoniam
606 1361 664 1403 non
686 1345 763 1404 aliud
778 1347 870 1422 magis
886 1347 914 1403 in
929 1346 1007 1404 naris
1024 1354 1054 1404 et
1072 1362 1160 1405 cere·

147 1429 229 1488 hrum
254 1437 399 1507 penetret.
437 1428 473 1487 ad
497 1429 676 1504 serpentium
702 1429 776 1488 ictus
798 1438 828 1488 et
852 1431 1038 1508 scorpionum
1060 1429 1161 1488 tritum

148 1531 212 1572 cum
228 1521 312 1570 aceto
332 1512 466 1571 inlinitur.
500 1511 653 1587 fungorum
667 1530 780 1572 venena
794 1512 919 1572 discutit.
954 1521 1056 1571 contra
1072 1513 1160 1590 pitui·
1171 1530 1195 1572 rc

148 1606 205 1656 tam
223 1604 337 1655 tenetur
359 1597 388 1654 in
412 1612 481 1668 ore,
504 1594 598 1654 donec
620 1596 780 1675 liquescat,
802 1605 850 1656 aut
869 1598 1069 1673 gargarizatur
1096 1614 1163 1656 cum

106 1687 157 1742 237
170 1697 243 1758 aqua
265 1680 367 1739 mulsa.
399 1680 580 1739 addentium
603 1679 723 1739 dolores
745 1680 903 1755 manditur,
926 1679 961 1739 ad
985 1696 1070 1738 uvam
1092 1698 1162 1756 gar·

147 1765 292 1840 garizatur
311 1781 375 1822 curn
396 1771 482 1822 aceto
507 1773 540 1827 et¹
557 1763 661 1838 melle,
687 1763 837 1823 stomacho
857 1763 1038 1823 utilissimum
1055 1773 1164 1830 contra

150 1849 243 1906 omnia
264 1847 349 1922 vitia,
378 1846 562 1926 pulmonibus
584 1845 803 1905 exscreationes
828 1845 922 1903 facilis
946 1845 1016 1903 iacit
1037 1846 1067 1903 in
1093 1847 1162 1906 cibo

149 1939 307 2007 sumptum,
335 1940 364 1989 et
392 1930 558 2007 suspiriosis
582 1929 682 2002 datur,
710 1929 778 1986 item
804 1926 996 1986 comitialibus
1025 1930 1190 2004 tepiduna

150 2031 214 2074 cum
237 2031 309 2073 suco
331 2031 521 2073 cucumerum.
565 2029 668 2071 sensus
694 2020 781 2089 atque
808 2010 1041 2071 sternutamentis
1070 2023 1165 2092 caput

149 2107 269 2176 purgat,
290 2098 385 2158 alvom
405 2096 515 2171 mollit,
541 2105 686 2157 menstrua
708 2104 738 2156 ct
758 2097 866 2155 urinam
887 2096 954 2154 ciet.
985 2093 1165 2173 hydropicis

105 2191 157 2246 aba
165 2183 308 2260 inponitur
320 2199 383 2240 cum
395 2181 451 2240 fico
464 2189 493 2240 et
506 2180 618 2240 cumino
631 2189 744 2240 tunsum
756 2181 845 2240 ternis
858 2178 996 2258 partibus.
1022 2181 1165 2240 comitiali

149 2266 251 2326 rnorbo
275 2274 323 2324 aut
345 2266 498 2325 volvarum
523 2266 716 2325 conversione
746 2265 902 2324 suffocatas
931 2263 1039 2323 excitat
1065 2263 1165 2323 odore

148 2359 234 2411 aceto
245 2351 352 2424 mixto,
369 2350 437 2409 item
452 2348 647 2425 lethargicos,
663 2347 785 2407 adicitur
797 2347 933 2423 tordylon
947 2381 989 2393 -
1003 2355 1048 2405 est
1062 2355 1193 2406 autema

150 2436 208 2494 hoc
230 2450 331 2492 semen
349 2450 387 2492 ex
400 2432 490 2492 seseli
505 2465 556 2505 —,
573 2440 602 2491 et
616 2432 640 2489 si
653 2431 854 2490 vehementior
868 2430 1017 2506 lethargus
1034 2441 1163 2507 premat,

150 2516 281 2578 cruribus
299 2523 347 2575 aut
369 2517 454 2575 etiam
471 2514 557 2590 capiti
582 2515 708 2574 inlinitur
723 2533 787 2574 cum
808 2514 865 2574 lico
886 2532 924 2573 ex
940 2521 1035 2573 aceto.
1078 2525 1163 2574 vete·

149 2620 199 2660 res
215 2600 334 2660 dolores
353 2598 497 2673 thoracis,
513 2597 691 2674 lumborum,
716 2598 922 2673 coxendicum,
946 2613 1117 2656 umerorum
1136 2607 1164 2657 et

149 2687 177 2744 in
193 2701 375 2763 quacumque
400 2690 483 2758 parte
505 2699 543 2740 ex
561 2681 620 2742 alto
643 2683 776 2760 corporis
799 2682 868 2742 vitia
890 2679 1069 2740 extrahenda
1095 2691 1164 2741 sunt

150 2769 260 2828 inlitum
283 2767 410 2826 caustica
431 2765 460 2822 vi
476 2763 610 2829 emendat
630 2765 749 2842 pusulas
767 2765 923 2840 faciendo,
953 2772 980 2823 at
1007 2765 1037 2821 in
1053 2780 1192 2842 magnast

151 2853 253 2913 duritia
269 2851 331 2909 siue
347 2848 404 2907 fico
421 2848 575 2925 inpositurn
590 2847 655 2922 val,
674 2849 699 2906 si
714 2848 914 2907 vehementior
925 2849 1001 2907 ustio
1012 2848 1164 2924 timeatur,

107 2947 159 3002 239
171 2954 225 3014 per
240 2933 363 3010 duplicis
378 2948 502 3009 pannos.
539 2938 655 2990 utuntur
670 2947 707 2990 eo
724 2931 761 2991 ad
784 2931 934 3010 alopecias
952 2948 1015 2989 cum
1029 2929 1163 3008 rubrica,

149 3036 270 3098 psoras,
289 3016 404 3093 lepras,
420 3014 601 3092 phthiriasis,
623 3015 783 3090 tetanicos,
801 3015 1044 3094 opisthotonicos.
1079 3016 1163 3075 inun-

150 3110 221 3180 gunt
237 3115 353 3177 quoque
371 3097 491 3158 scabras
510 3115 600 3175 genas
616 3107 665 3157 aut
686 3099 838 3175 caligantis
853 3099 956 3159 oculos
974 3115 1037 3156 cum
1056 3099 1162 3174 melle,

151 3200 296 3261 sucusque
312 3182 404 3242 tribus
418 3183 511 3243 modis
526 3183 694 3260 exprimitur
709 3184 737 3241 iu
755 3183 851 3258 fictili,
875 3182 1052 3258 calescitque
1074 3182 1107 3243 in
1126 3198 1191 3243 eota

150 3272 216 3331 sole
235 3267 360 3328 modice.
393 3268 452 3327 exit
467 3276 497 3326 et
514 3284 531 3325 e
554 3267 697 3327 cauliculo
718 3285 805 3326 sucus
826 3266 937 3327 lacteus
954 3267 1003 3344 qui
1022 3266 1078 3341 ita,
1098 3285 1165 3327 curn

107 3365 159 3418 240
170 3352 311 3428 induruit,
327 3352 453 3412 dentium
474 3351 569 3411 dolori
585 3351 725 3415 medetur.
753 3368 853 3411 semen
871 3367 905 3410 ac
920 3349 1021 3424 radix,
1038 3367 1107 3410 curn
1122 3352 1164 3410 in·

138 3439 285 3500 maduere
304 3445 417 3517 musto,
444 3444 629 3498 conteruntur
650 3452 807 3512 manusque
825 3434 932 3513 plenae
945 3450 1083 3494 mensura
1100 3451 1163 3494 sor·
