2422 3840
359 185 439 234 usn.
457 178 547 234 nrs‘r.
563 186 675 234 xv1111.
691 183 717 237 s.
741 174 892 252 (so-dr.)
1072 176 1131 238 179

131 343 228 422 planta
253 349 384 400 extremo
408 358 480 400 vere
506 339 665 418 plantatur,
688 357 724 398 ne
744 339 823 418 prius
847 357 928 414 cyma
950 358 1033 422 quam
1049 343 1133 402 caule

131 427 233 506 pariat.
260 425 344 483 tertia
365 424 443 483 circa
459 424 627 498 solstitium,
651 440 689 480 ex
703 441 775 501 qua,
801 424 825 482 si
841 424 963 483 umidior
979 424 1062 484 locus
1078 434 1132 505 est,

131 517 259 583 aestate,
282 509 306 566 si
323 507 445 582 siccior,
462 516 594 567 autumno
611 506 764 584 plantatur.
785 524 866 566 umor
882 508 1022 586 limusque
1040 509 1064 566 si
1081 509 1132 569 de·

130 594 230 667 fuere,
253 591 343 651 maior
367 591 480 670 saporis
501 591 593 666 gratia
609 599 669 665 est,
694 592 718 648 si
734 589 934 665 abundavere,
956 592 1060 651 laetior
1075 592 1131 651 fer·

110 677 230 736 utilitas.
267 675 360 734 limum
384 675 523 733 asininum
547 690 678 732 mamma
704 675 850 733 convenit.
896 674 936 752 [2]
961 674 1014 734 Est
1039 675 1112 735 haec
1124 685 1174 739 139

131 777 247 839 quoque
262 776 312 817 res
328 759 403 817 inter
418 775 508 836 opera
523 774 651 832 ganeae,
675 766 854 834 quapropter
872 774 928 816 non
941 758 1054 836 pigebit
1067 776 1132 817 ver·

129 844 230 905 bosius
255 842 403 920 persequi.
440 841 616 919 praecipuus
640 840 670 898 frt
693 840 784 899 caulis
808 857 915 918 sapore
936 859 971 900 ac
992 843 1132 917 magnitu-

130 929 213 1000 dine,
235 927 356 1002 primum
372 926 494 985 omnium
510 925 535 982 si
551 925 579 981 in
594 925 772 1002 repastinato
789 940 886 1000 seras,
905 923 972 984 dein
987 926 1012 983 si
1027 933 1132 984 terram

129 1010 268 1086 fugientis
290 1008 448 1068 cauliculos
465 1025 589 1085 sequare
605 1016 683 1068 terra
699 1007 887 1085 tollentisque
903 1026 936 1068 se
953 1009 1132 1086 proceritate

94 1114 120 1154 so
130 1094 278 1154 luxuriosa
293 1091 500 1169 exaggerando
517 1091 601 1150 aliam
616 1090 782 1150 adcumules
796 1093 835 1150 ita
851 1108 887 1149 ne
901 1092 966 1170 plus
983 1110 1068 1169 quam
1085 1109 1132 1150 ca-

130 1195 232 1237 cumen
246 1177 377 1236 emineat.
407 1174 562 1235 Tritianum
577 1175 635 1235 hoc
650 1193 743 1252 genus
758 1183 880 1235 vocatur
895 1175 940 1234 bis
956 1174 1134 1255 conputabili

129 1261 265 1339 inpendio
282 1259 447 1336 taedioque.
488 1259 528 1337 [3]
549 1256 655 1318 Cetera
670 1277 781 1335 genera
796 1259 937 1336 conplura
952 1269 1031 1319 sunt:
1056 1257 1175 1321 (lu-140

128 1362 241 1404 manum
257 1343 352 1403 sessili
367 1342 456 1416 folio,
481 1342 576 1419 capite
592 1342 734 1419 patulum,
750 1342 897 1401 Aricinum
911 1343 1060 1403 altitudine
1075 1360 1133 1402 non

130 1427 287 1488 excelsius.
302 1425 375 1486 folio
389 1425 570 1484 numerosius
585 1441 669 1502 quam
683 1427 796 1484 tenuius
811 1426 868 1484 hoc
881 1425 1061 1485 utilissimum
1071 1428 1132 1485 exi·

94 1512 277 1584 ttstimatur,
305 1510 372 1586 quia
392 1507 445 1567 sub
470 1505 600 1566 omnibus
621 1525 715 1584 paene
737 1509 815 1569 foliis
838 1508 953 1568 fruticat
981 1509 1132 1569 cauliculis

129 1592 337 1672 peculiaribus.
367 1592 572 1669 Pompeianum
586 1593 756 1669 procerius,
779 1592 862 1651 caule
877 1591 913 1651 ab
928 1592 1026 1651 radice
1041 1592 1130 1667 tenui,

131 1680 203 1737 intra
222 1676 292 1736 folia
306 1677 473 1735 crassescit.
501 1675 612 1733 rariora
627 1674 701 1733 baec
717 1676 958 1753 angustiamque,
982 1675 1034 1735 sed
1050 1684 1130 1735 tene·

129 1763 200 1821 ritas
222 1760 250 1818 in
271 1759 340 1820 dote
363 1760 399 1824 ei,
423 1759 534 1834 frigora
553 1775 611 1817 uon
635 1758 758 1834 tolerat,
786 1758 888 1837 quibus
911 1759 996 1818 etiam
1018 1759 1133 1819 aluntur
1176 1769 1179 1775 ·

130 1843 268 1904 Bruttiani
285 1842 484 1922 praegrandes
496 1841 586 1916 foliis,
604 1842 688 1902 caule
702 1851 815 1919 tenues,
830 1860 936 1922 sapore
948 1844 1034 1902 acuti.
1063 1845 1114 1903 Sa·
1123 1850 1173 1905 141

92 1927 240 1988 sabellico
270 1945 362 2006 usque
391 1929 419 1986 in
450 1926 666 1987 admirationem
695 1928 790 2006 crispa
817 1935 882 1986 sunt
910 1927 981 1988 folia
1012 1944 1132 2005 quorum

129 2012 291 2072 crassitudo
319 2011 432 2070 caulem
454 2012 548 2089 ipsum
577 2019 728 2086 extenuat,
768 2011 820 2070 sed
849 2011 1009 2071 dulcissimi
1035 2010 1131 2090 perbi-

129 2095 232 2156 bentur
252 2112 291 2154 ex
313 2093 454 2152 omnibns.
488 2111 581 2170 nuper
605 2092 722 2152 subiere
742 2093 915 2154 Lacuturres
937 2112 975 2154 ex
996 2094 1132 2155 convalle

129 2178 258 2253 Aricina,
286 2177 336 2235 ubi
365 2176 508 2253 quondam
538 2176 591 2234 fuit
621 2175 701 2234 lacus
727 2177 872 2254 turrisque
894 2195 968 2254 quae
991 2187 1130 2251 remanet,

131 2262 227 2338 capite
251 2258 467 2339 praegrandes,
497 2258 569 2319 folio
583 2259 738 2333 innumeri,
770 2259 817 2317 alii
833 2260 861 2317 in
877 2259 979 2319 orbem
994 2261 1132 2334 correcti,

93 2360 120 2399 aa
134 2343 182 2404 alii
208 2345 236 2404 in
258 2343 436 2404 latitudinem
456 2342 559 2402 torosi.
592 2359 648 2401 nec
667 2341 732 2419 plus
756 2341 824 2400 ullis
847 2344 949 2420 capitis
977 2350 1045 2420 post
1070 2341 1133 2400 Tri·

130 2428 251 2507 tianum,
279 2429 324 2486 cui
344 2427 450 2505 pedale
475 2425 628 2503 aliquando
645 2425 823 2503 conspicitur
838 2435 868 2485 et
885 2442 968 2500 cyma
984 2425 1070 2485 nullis
1085 2443 1132 2484 se-

129 2512 199 2571 rior.
238 2509 416 2589 Cuicumque
438 2520 532 2570 autem
549 2511 651 2585 generi
667 2511 787 2587 pruinae
808 2510 968 2588 plurumum
986 2509 1175 2572 suavita-142

129 2595 166 2653 tis
189 2594 341 2653 conferunt
364 2603 409 2669 et,
438 2594 493 2651 nisi
517 2592 635 2670 obliquo
657 2594 779 2652 volnere
801 2592 972 2652 defendatur
993 2592 1130 2667 medulla,

130 2675 290 2754 plurumum
305 2685 422 2737 nocent.
451 2676 550 2735 semini
568 2676 701 2736 destinati
716 2694 773 2735 non
790 2685 932 2736 secantur.
977 2675 1030 2735 Est
1046 2678 1131 2736 etiam

93 2777 121 2818 so
131 2777 183 2819 sua
203 2761 295 2836 gratia
314 2777 465 2838 numquam
488 2760 604 2838 plantae
626 2759 752 2819 habitum
773 2759 982 2819 excedentibus
1007 2793 1048 2812 ,-
1071 2759 1131 2819 hal·

130 2842 250 2919 myridia
263 2853 385 2919 vocant,
407 2844 540 2923 quoniam
555 2844 609 2902 nisi
625 2844 652 2901 in
666 2845 813 2903 maritimis
827 2861 884 2902 non
901 2844 1074 2920 proveniunt
1088 2875 1132 2886 -—

129 2928 315 3004 navigatione
340 2945 456 3006 quoque
484 2928 640 3004 longinqua
669 2927 768 2987 viridis
793 2927 957 3002 adservari,
985 2928 1009 2986 si
1036 2927 1131 2985 statim

130 3011 243 3071 desecti
263 3013 303 3071 ita
323 3029 360 3070 ne
380 3012 493 3071 humum
509 3012 647 3087 attingant
663 3012 691 3070 in
709 3010 797 3070 cados
814 3010 873 3070 olei
889 3028 974 3087 quam
988 3027 1130 3088 proxume

131 3096 258 3155 siccatos
273 3104 483 3174 opturatosque
498 3094 658 3154 condantur
673 3096 748 3153 omni
765 3095 867 3172 spiritu
881 3095 1013 3154 excluso.
1038 3095 1111 3153 Sunt
1123 3103 1173 3158 143

93 3195 120 3236 aa
132 3180 180 3257 qui
195 3180 320 3257 plantam
335 3179 363 3238 in
378 3178 579 3238 transferendo
594 3177 659 3254 alga
676 3177 788 3238 subdita
804 3177 940 3256 pediculo
954 3179 1058 3238 nitrive
1071 3179 1131 3239 triti

129 3263 209 3341 quod
228 3263 320 3322 tribus
343 3263 439 3340 digitis
462 3262 591 3339 capiatur
612 3261 786 3321 celeriorem
808 3262 843 3322 ad
859 3263 1050 3322 maturitatem
1068 3262 1130 3321 lieri

128 3354 239 3423 putent.
263 3355 327 3406 sunt
344 3348 393 3425 qui
409 3362 509 3406 semen
521 3344 612 3404 trifoli
628 3345 787 3423 nitrumque
803 3346 887 3405 simul
900 3347 995 3405 tritum
1010 3345 1129 3422 adsper-

129 3437 199 3506 gant
218 3428 306 3489 foliis.
340 3433 441 3490 nitrum
462 3431 490 3488 in
511 3427 664 3506 coquendo
688 3431 774 3488 etiam
796 3428 1143 3566 viriditatpppffustodit,
