2422 3840
122 184 161 247 38
464 197 493 244 c.
510 197 606 243 rnrnr
622 195 770 244 saconor

78 360 129 414 tot
140 352 220 410 viris.
253 351 288 409 de
306 358 407 408 cetero
422 350 571 427 plerisque
589 367 705 424 eorum,
721 348 774 408 sed
789 351 887 426 utique
901 348 1018 425 robori,
1041 359 1123 413 tauta

122 436 223 495 duritia
239 442 270 491 ut
285 432 427 491 terebrari
444 433 498 490 nisi
512 433 703 491 madefactum
717 449 774 492 non
789 442 875 510 queat
890 443 920 492 et
938 450 977 492 ne
995 434 1041 493 sic
1057 435 1123 512 qui·

121 519 186 578 dem
216 516 334 575 adactus
357 515 445 575 avelli
472 515 581 575 clavos.
627 535 644 574 e
670 515 787 575 diverso
813 516 925 575 clavom
953 532 1011 575 non
1036 525 1123 577 tenet

122 601 238 659 cedrus.
267 598 437 658 Mollissima
452 599 522 658 tilia.
558 598 788 665 eademvidetur
808 607 839 658 ct
859 599 1044 660 calidissima.
1075 616 1122 660 ar·

122 691 286 761 gumentum
308 683 441 743 adierunt
461 681 537 760 quod
561 682 698 741 citissime
723 684 817 743 ascias
834 683 975 743 retondat.
1006 683 1148 745 calidaes

123 777 153 826 et
168 784 277 841 morus,
297 766 404 840 laurus,
421 766 530 828 hedera
545 777 574 825 et
586 782 686 824 omnes
701 783 718 824 e
734 767 837 844 quibus
855 767 975 843 igniaria
991 767 1072 826 liunt
1117 802 1125 815 ·

80 862 132 914 208
204 850 288 928 (77.)
325 848 549 927 Exploratorum
571 849 628 909 hoc
648 867 717 908 usus
741 851 769 908 in
791 851 892 909 castris
912 859 1124 929 pastorumque

123 935 248 1013 reperit,
267 935 400 1011 quoniam
420 935 455 993 ad
472 933 671 993 excudendum
687 934 783 1009 iguem
804 950 862 992 non
882 951 997 1010 semper
1015 933 1123 1012 lapidis

124 1018 244 1077 occasio
267 1027 322 1076 est.
364 1017 466 1075 teritur
487 1034 559 1092 ergo
582 1016 690 1093 lignum
715 1017 794 1094 ligno
816 1018 971 1094 ignemque
993 1018 1124 1095 concipit

125 1101 239 1174 attritu,
264 1100 429 1177 excipiente
444 1101 563 1159 materia
578 1100 649 1158 aridi
663 1100 787 1176 fomitis,
813 1101 894 1176 iungi
915 1099 962 1159 vel
984 1099 1123 1160 loliorum
1132 1117 1159 1159 rc

123 1182 264 1243 facillimo
276 1192 431 1260 conceptu.
461 1183 513 1243 sed
529 1183 598 1242 nihil
613 1182 722 1243 hedera
742 1185 934 1260 praestantius
949 1200 1023 1261 quae
1043 1192 1124 1243 tera·

123 1276 181 1342 tur,
198 1267 279 1326 lauro
296 1283 370 1343 quae
385 1275 468 1326 terat.
511 1267 650 1344 probatur
667 1275 697 1325 et
714 1268 779 1326 vitis
795 1267 939 1327 silvestris
957 1266 1124 1344 alioqum

81 1360 134 1414 209
146 1349 292 1425 labrusca,
308 1359 337 1409 et
351 1350 414 1428 ipsa
426 1350 552 1410 hederae
565 1349 651 1410 modo
662 1349 797 1409 arborem
809 1351 960 1410 scandens.
983 1348 1124 1426 Frigidio-

125 1435 195 1493 sima
212 1451 410 1510 quaecumque
424 1435 572 1510 aquatica,
596 1433 753 1493 lentissima
776 1443 871 1493 autern
890 1442 923 1493 et
942 1432 1010 1493 ideo
1031 1433 1124 1494 scutis

124 1517 265 1578 iaciendis
278 1518 424 1596 aptissima
436 1534 558 1595 quorum
573 1517 659 1595 plaga
676 1516 818 1577 contrahit
830 1535 862 1576 sc
874 1518 1005 1595 protinus
1019 1515 1124 1576 cludit·
1133 1534 1159 1575 rs

125 1619 182 1678 que
199 1620 280 1661 suum
302 1601 404 1660 uolnus
426 1610 456 1660 et
474 1602 511 1661 ob
528 1601 556 1662 id
579 1601 775 1660 contumacius
794 1601 923 1660 tramittit
943 1599 1070 1675 lerrunr,
1093 1601 1125 1659 in

126 1701 183 1762 quo
200 1694 264 1743 sunt
279 1703 389 1761 genere
406 1685 468 1760 lici,
485 1685 576 1759 salix,
598 1684 674 1759 tilia,
690 1682 817 1757 betulla,
832 1683 974 1758 sabucus,
995 1681 1124 1761 populus

124 1777 257 1845 utraque.
287 1767 432 1826 levissima
447 1786 484 1826 ex
498 1768 543 1827 his
561 1768 632 1826 licus
653 1777 682 1826 et
702 1767 776 1827 salix
797 1768 923 1845 ideoque
939 1765 1123 1826 utilissimae.

127 1869 226 1910 omues
245 1859 339 1909 autem
356 1850 391 1909 ad
407 1852 494 1910 cistas
507 1868 640 1927 quaeque
651 1850 741 1909 flexili
754 1860 833 1909 crate
846 1857 987 1909 constent.
1015 1848 1126 1909 hebent

82 1942 176 1996 bloet
197 1933 351 1992 candorem
373 1935 560 2012 rigoremque
586 1942 616 1992 et
636 1935 664 1991 iu
685 1933 840 2012 sculpturis
860 1933 1038 1993 facilitatem.
1069 1931 1159 1994 listro

125 2016 233 2075 lentitia
261 2015 395 2092 platano,
423 2016 475 2076 sed
501 2017 630 2091 madida,
662 2017 735 2077 sicut
765 2017 842 2077 alno.
883 2017 992 2076 siccior
1019 2015 1125 2076 eedem

126 2099 219 2174 ulmo,
249 2098 377 2175 fraxino,
405 2117 504 2174 moro,
527 2116 649 2175 ceraso,
676 2100 729 2160 sed
750 2100 955 2177 ponderosior.
993 2101 1124 2176 rigorem

127 2183 282 2241 fortissime
307 2193 405 2243 servat
424 2183 533 2258 ulmus,
558 2184 596 2243 ob
619 2183 648 2243 id
671 2184 833 2243 cardinibus
860 2182 1123 2261 crassamentisque

126 2277 272 2345 portarurn
287 2267 452 2344 utilissima,
470 2268 603 2345 quoniam
615 2268 736 2326 minume
751 2276 917 2346 torquetur,
935 2263 1125 2343 permutanda

125 2360 231 2410 tantum
244 2352 286 2411 sic
298 2361 328 2411 ut
340 2369 478 2412 cacumen
490 2350 526 2412 ab
538 2351 676 2410 inferiore
690 2351 727 2410 sit
740 2350 866 2425 cardine,
881 2349 965 2409 radix
974 2349 1121 2426 superior.
1132 2371 1160 2412 as

83 2434 242 2497 suranna
263 2435 363 2494 similis
383 2444 428 2494 est
448 2434 580 2509 suberis,
602 2435 716 2510 spissae
738 2442 767 2492 et
787 2434 878 2493 malus
893 2434 1049 2511 pinusque,
1065 2449 1123 2492 nec

125 2534 183 2575 non
204 2535 289 2593 acer,
312 2519 364 2578 sed
385 2519 506 2595 fragile,
532 2527 561 2577 et
579 2534 778 2594 quaecumque
800 2520 907 2595 crispa.
937 2515 969 2575 ln
989 2514 1121 2576 omuibus

127 2599 271 2659 silvestria
292 2611 321 2659 et
343 2603 471 2661 mascula
493 2601 684 2661 differentiam
706 2602 844 2679 cuiusque
864 2600 982 2677 generis
1002 2607 1123 2676 augeat.

127 2691 155 2742 et
178 2683 329 2742 infecunda
349 2686 474 2744 firmiora
502 2683 665 2760 fertilibus,
691 2684 744 2742 nisi
765 2701 822 2762 quo
843 2685 870 2742 in
891 2700 1001 2760 genere
1024 2698 1122 2742 mares

126 2766 232 2841 ierunt,
251 2766 325 2825 sicut
343 2785 499 2844 cupressus
515 2776 544 2827 et
560 2783 674 2826 cornus.
784 2806 791 2818 ·
1131 2781 1158 2824 au

83 2859 134 2912 tit
209 2846 291 2928 (78.)
328 2847 440 2909 Gariem
469 2859 699 2927 vetustatemque
722 2865 779 2908 non
804 2851 929 2910 sentiunt
951 2866 1122 2927 cupressus,

127 2933 247 3007 cedrus,
270 2933 418 3009 hebenus,
441 2932 536 3008 lotos,
558 2933 668 3007 buxus,
690 2942 792 3008 taxus,
811 2934 964 3012 iunipirus,
981 2932 1122 3008 oleaster,

127 3016 208 3091 olea,
232 3036 269 3076 ex
288 3017 408 3095 reliquis
424 3018 584 3076 tardissime
606 3015 695 3090 larix,
718 3016 823 3092 robur,
846 3016 949 3092 suber,
972 3025 1122 3092 castanea,

125 3100 248 3174 iuglans.
275 3102 375 3160 rimam
386 3101 575 3178 fissuramque
586 3116 643 3158 non
659 3101 736 3178 capit
751 3108 854 3179 sponte
869 3099 985 3174 cedrus,
1001 3116 1121 3178 cupres-

126 3200 184 3261 sus,
203 3182 281 3256 olea,
298 3184 414 3243 buxum.
872 3230 876 3241 ,
1131 3195 1157 3238 as

83 3275 135 3329 213
207 3268 291 3344 (ta.)
313 3266 446 3327 Maxume
462 3276 608 3327 aeternam
623 3277 721 3346 putant
735 3266 888 3339 hebenum,
906 3275 935 3325 ct
950 3283 1123 3344 cupressum

126 3351 317 3428 cedrumque,
345 3350 425 3410 claro
451 3351 488 3410 de
515 3351 644 3410 omnibus
671 3351 797 3410 materiis
824 3349 929 3408 iudicio
955 3351 983 3408 in
1009 3349 1121 3428 templo

126 3432 271 3513 Ephesiae
287 3435 413 3510 Dianae,
437 3442 538 3512 utpote
555 3453 620 3496 com
642 3441 702 3495 tota
719 3433 789 3494 Asia
804 3441 970 3494 exstruente
986 3432 1123 3511 quadrin-
