2422 3840
113 113 174 173 212
467 125 767 174 commanebam

114 299 164 340 cas
189 280 295 340 volvae
323 281 431 339 curavit
456 280 523 354 illa,
554 281 712 340 iocinerum
737 280 806 339 vitia
833 281 924 339 ternis
952 279 1054 340 obolis
1084 300 1125 341 ex

112 364 204 423 mulso
224 362 314 439 datis,
337 364 404 422 item
428 365 595 441 sauguinem
619 363 841 423 exscreantibus
861 365 889 441 in
913 362 1123 425 sorbitionem.

112 447 212 506 ulcera
226 447 254 505 in
270 447 365 524 capite
380 446 527 507 infantium
542 449 614 507 mire
631 455 727 522 sanat,
749 448 869 506 arterias
884 446 995 506 umidas
1013 448 1122 523 siccat,

71 539 122 593 149
133 531 228 589 siccas
239 529 398 607 adstringit.
422 532 539 608 pituitas
551 539 701 608 corruptas
715 538 819 608 purgat
833 532 861 589 in
876 530 969 590 mulso
983 540 1014 591 et
1029 548 1121 610 aqua,

58 675 59 678 Ἴ
112 615 179 673 voci
199 631 269 674 suco
287 615 374 690 utilis,
391 614 443 674 sub
460 615 616 674 certamine
631 613 786 690 dumtaxat,
804 615 897 691 quiet
915 616 1148 691 gargarizaturs

112 715 166 757 uva
194 707 320 757 tumente
346 699 460 759 adiecta
480 707 543 758 ruta
566 707 595 757 et
616 697 769 758 coriandro
792 716 830 756 ex
852 697 938 758 lacte.
982 698 1066 758 utilis
1094 708 1125 759 et

114 791 214 841 contra
228 783 361 842 tonsillas
383 800 447 841 cum
463 782 603 858 alumine,
625 781 742 858 linguae
759 799 884 858 asperae
900 798 962 840 curn
980 781 1075 841 melle
1094 792 1124 843 et

115 865 273 926 convolsae
295 867 339 924 ius
360 865 433 925 intus
455 883 509 944 per
530 883 563 925 se
580 865 715 944 vitiisque
736 865 888 943 pulmonis.
926 865 1075 943 singultus
1094 876 1124 926 et

112 950 286 1009 vomitiones
301 949 377 1008 sistit
399 967 463 1007 cum
482 966 553 1008 suco
569 950 698 1026 grauati,
721 957 751 1007 ut
766 948 950 1008 Democritus
965 956 1123 1009 monstrat.

72 1040 122 1093 150
133 1033 260 1091 recentis
276 1049 363 1091 sucus
378 1033 486 1091 narium
507 1032 575 1091 vitia
594 1033 695 1110 spiritu
712 1031 869 1092 subductus
885 1031 1036 1108 emendat,
1056 1034 1156 1112 ipsam

113 1116 179 1174 trita
201 1115 352 1190 choleras,
381 1116 409 1173 in
431 1125 516 1175 aceto
539 1115 652 1194 quidem
680 1124 765 1193 pota,
792 1116 938 1192 sanguinis
962 1115 1124 1177 ductiones

114 1198 203 1274 intus,
227 1198 312 1258 ileum
336 1199 419 1258 etiam
441 1200 565 1277 inposita
586 1217 649 1259 cum
672 1199 791 1277 polenta
814 1208 844 1258 11
860 1200 885 1258 si
900 1216 1040 1259 mammae
1056 1210 1124 1260 teu·

113 1281 223 1341 dantur.
255 1283 379 1342 inlinitur
395 1292 424 1342 et
446 1283 625 1362 temporibus
642 1286 671 1342 in
693 1283 795 1360 capitis
815 1282 934 1357 dolore,
952 1283 1077 1343 sumitur
1096 1293 1125 1344 et

114 1375 215 1427 contra
231 1367 442 1445 scolopendras
464 1377 493 1427 et
511 1368 683 1445 scorpiones
705 1366 830 1426 marinos
850 1375 879 1425 et
901 1366 937 1426 ad
960 1369 1123 1444 serpentis.

114 1451 264 1528 epiphoris
289 1451 414 1510 inlinitur
437 1460 466 1511 et
489 1450 619 1512 omuibus
641 1451 784 1528 incapite
806 1449 1023 1526 eruptionibus,
1049 1453 1123 1510 item
1134 1468 1157 1511 ru

72 1543 121 1596 151
135 1534 214 1594 sedis
234 1535 320 1596 vitiis.
355 1536 551 1612 intertrigines
574 1551 709 1613 quoque,
734 1533 782 1593 vel
807 1534 831 1594 si
849 1541 982 1593 teneatur
997 1543 1123 1610 tantum,

114 1618 260 1697 prohibet.
284 1618 400 1678 auribus
414 1618 567 1678 instillatur
583 1637 647 1677 cum
662 1618 765 1676 mulso.
788 1619 865 1678 aiunt
881 1626 909 1676 et
924 1617 993 1677 lieni
1007 1619 1125 1680 mederi

115 1719 178 1761 eam
193 1703 221 1761 in
236 1703 321 1762 horto
337 1711 479 1778 gustatam
494 1703 532 1761 ita
544 1719 580 1760 ue
592 1701 733 1775 vellatur,
749 1703 774 1760 si
789 1703 813 1760 is
832 1702 880 1779 qui
894 1699 1028 1761 mordeat
1045 1702 1125 1763 dicat

113 1804 146 1844 se
160 1785 227 1844 lieni
243 1786 369 1860 mederi,
385 1803 439 1863 per
454 1784 515 1845 dies
532 1798 619 1859 vnn,
643 1783 740 1844 aridae
759 1803 874 1864 quoque
890 1784 1009 1844 farinam
1026 1786 1124 1846 tribus

115 1869 210 1945 digitis
234 1867 443 1945 adprehensam
462 1877 490 1927 et
511 1866 651 1928 stomachi
671 1867 803 1928 dolorem
825 1869 929 1928 sedare
950 1869 979 1927 in
995 1885 1076 1947 aqua
1096 1879 1155 1930 etao

114 1951 245 2010 similiter
262 1953 401 2028 adspersa
418 1953 537 2030 potione
552 1952 660 2011 ventris
677 1952 808 2012 animalia
824 1951 987 2030 expellere.

72 2045 123 2098 152
178 2034 261 2114 (54.)
291 2035 394 2113 Magna
413 2037 541 2096 societas
562 2054 626 2095 cum
646 2036 702 2095 hac
724 2036 759 2096 111
782 2034 960 2095 recreandos
982 2033 1125 2097 deiectos

114 2118 206 2179 animo
233 2120 331 2197 puleio
360 2139 424 2181 curn
448 2120 572 2181 surculis
601 2120 661 2179 suis
686 2120 714 2177 iu
741 2119 881 2198 ampullas
907 2119 1017 2178 vitreas
1045 2122 1125 2180 aceti

113 2203 241 2282 utrisque
258 2205 391 2264 deiectis.
420 2223 475 2283 qua
492 2205 528 2264 de
545 2221 632 2264 causa
648 2203 762 2279 dignior
777 2221 793 2262 e
806 2203 904 2281 puleio
921 2218 1032 2262 corona
1049 2202 1124 2264 Var-

114 2289 177 2347 roui
201 2305 283 2366 quam
305 2306 407 2348 erosa
427 2288 567 2348 cubiculis
589 2289 696 2346 uostris
715 2287 896 2364 pronuntiata
918 2294 979 2360 est,
1000 2302 1070 2346 uam
1096 2296 1124 2346 et
1133 2306 1156 2347 rs

116 2372 219 2449 capitis
234 2370 353 2431 dolores
369 2372 492 2450 inposita
507 2372 612 2431 dicitur
625 2370 743 2446 levare,
767 2372 834 2447 quin
850 2378 879 2429 et
897 2368 1007 2429 olfactu
1023 2372 1125 2451 capita

114 2454 188 2514 tueri
211 2463 311 2513 contra
332 2454 472 2533 frigorum
492 2463 649 2533 aestusque
665 2454 792 2513 iniuriam
813 2462 842 2513 et
862 2453 898 2513 ab
919 2453 966 2512 siti
986 2453 1123 2529 traditur,

114 2553 208 2614 neque
225 2546 359 2598 aestuare
374 2557 426 2599 eos
441 2540 489 2617 qui
504 2538 576 2598 duos
592 2537 720 2617 epuleio
736 2536 868 2597 surculos
882 2536 1028 2615 inpositos
1047 2540 1123 2599 auri·

114 2620 167 2680 bus
190 2620 218 2678 iu
240 2620 303 2680 sole
324 2622 456 2682 habeant.
499 2621 624 2681 inlinitur
648 2622 733 2681 etiarn
756 2623 785 2680 in
805 2619 955 2681 doloribus
978 2636 1046 2679 cum
1070 2639 1124 2701 po·

77 2705 216 2768 15311111
232 2712 261 2762 et
275 2713 369 2764 aceto.
400 2706 504 2764 femina
520 2704 678 2765 efficacior.
702 2712 747 2763 est
761 2714 855 2764 autem
871 2703 945 2763 haec
960 2703 1036 2763 dore
1055 2724 1123 2785 pur·
1133 2719 1156 2761 ao

114 2805 217 2868 pureo.
237 2805 298 2846 mas
311 2787 460 2847 candidum
471 2788 568 2847 habet.
588 2789 617 2846 in
628 2789 744 2848 nausias
757 2806 820 2847 curn
836 2787 899 2848 sale
915 2795 945 2847 11
956 2787 1082 2864 polenta
1097 2790 1126 2848 in

115 2871 219 2949 frigida
235 2889 309 2949 aqua
325 2880 394 2949 pota
407 2870 527 2948 inhibet,
547 2873 633 2931 sicet
650 2873 781 2950 pectoris
797 2890 831 2932 ac
847 2872 955 2931 ventris
973 2869 1123 2933 dolorem.
1150 2938 1156 2945 ,

115 2955 255 3016 stomachi
283 2964 378 3015 autem
400 2973 438 3014 ex
460 2973 534 3034 aqua
554 2956 622 3015 item
641 2956 776 3016 rosiones
798 2957 873 3016 sistit
894 2964 924 3015 et
944 2957 1125 3017 vomitiones

115 3055 179 3099 cum
201 3047 286 3097 aceto
309 3047 338 3098 et
359 3039 486 3119 polenta.
525 3040 723 3100 intestinorum
744 3040 813 3099 vitia
836 3039 927 3099 melle.
947 3038 1077 3102 decocta
1095 3050 1125 3102 et

115 3124 189 3182 nitro
213 3131 309 3198 sanat,
338 3125 446 3183 urinam
473 3122 557 3202 pellit
580 3142 617 3184 ex
634 3126 701 3184 vino
726 3131 770 3198 et,
798 3124 823 3182 si
843 3122 995 3183 Amineum
1013 3127 1071 3202 sit,
1096 3135 1155 3186 eta

75 3205 266 3270 15111111111
291 3215 321 3266 11
345 3207 498 3267 interiores
518 3208 610 3268 omnis
634 3208 762 3268 dolores.
807 3224 845 3266 ex
866 3205 955 3266 melle
981 3216 1012 3268 et
1034 3219 1125 3271 aceto

116 3291 199 3350 sedat
218 3299 363 3350 menstrua
385 3298 414 3350 et
435 3291 597 3367 secundas,
620 3291 722 3352 volvas
737 3307 897 3351 conversas
912 3291 1054 3369 corrigit,
1075 3295 1125 3356 de·

101 3373 227 3436 functos
245 3383 350 3457 partus
374 3376 451 3439 eicit.
484 3394 584 3438 semen
604 3373 869 3436 obmutescentibus
890 3373 1000 3434 olfactu
1021 3377 1124 3438 admo-
