2422 3840
339 205 420 251 aar.
442 204 533 252 mer.
555 205 670 253 xvnrr.
693 207 779 258 Η.
793 193 833 276 (1.
849 193 891 284 a.)
1044 200 1103 259 157

94 360 182 419 lintea
194 365 280 417 'veste
296 374 353 417 non
363 359 413 417 uti.
443 358 473 416 iu
486 356 638 419 Germania
652 370 747 421 autem
756 360 867 421 defossi
879 371 965 440 atque
980 363 1033 424 sub
1048 374 1133 429 ter-9

94 463 128 503 ra
143 441 171 502 id
190 459 263 518 opus
278 451 375 518 agunt.
400 440 531 501 similiter
546 443 631 502 etiam
643 444 672 502 in
684 443 767 504 ltalia
780 447 1020 522 regioneplliana
1030 449 1105 508 iuter

95 525 202 588 Padum
215 525 401 603 Ticinumque
415 527 521 601 amnis,
543 525 592 584 ulti
607 544 623 587 a
638 527 755 587 Saetabi
769 531 853 588 tertia
868 530 897 589 iu
908 529 1029 610 Europa
1044 532 1102 592 lino

97 609 208 688 palma,
225 607 380 669 secundam
395 610 470 667 enim
485 611 513 667 in
536 609 631 669 ricino
652 610 763 670 Alianis
785 623 941 689 capessunt
961 615 1105 675 Retouina

69 702 124 752 set
141 694 168 751 in
183 692 306 752 Aemilia
322 695 368 751 via
384 691 552 752 Fauentina.
587 693 714 753 caudore
737 693 848 754 Alianis
870 714 987 775 semper
1010 697 1105 760 crudis

94 777 252 836 Faventina
266 776 477 853 praeferuntur,
490 776 641 836 lletovinis
654 779 779 836 tenuitas
790 795 896 840 summa
908 777 1102 859 desertasque,

95 859 204 921 candor
218 860 266 937 qui
281 857 455 933 Faventinis,
473 858 526 918 sed
541 859 648 937 lanugo
664 860 756 936 nulla,
772 860 848 938 quod
864 862 939 939 apud
954 861 1028 922 alios
1040 881 1104 939 gra·

94 946 178 1019 tiam,
194 940 270 1021 apud
287 942 361 1001 alios
376 941 567 1001 offensionem
582 942 678 1002 habet.
711 946 873 1004 nervositas
890 945 939 1005 iilo
955 947 1104 1023 aequalior

94 1043 189 1106 paene
214 1043 298 1104 quam
318 1026 431 1085 araneis
451 1026 641 1103 tinnitusque,
670 1044 734 1086 cum
755 1033 840 1087 deute
861 1028 951 1088 libeat
967 1031 1103 1107 experiri.

57 1127 84 1168 10
93 1109 159 1170 ideo
178 1109 285 1187 duplex
305 1127 389 1187 quam
401 1111 507 1169 ceteris
523 1113 655 1188 pretium.
685 1110 725 1190 [2]
750 1109 788 1171 Et
804 1110 839 1171 ab
859 1111 904 1171 his
918 1111 1055 1192 Hispania
1068 1113 1105 1172 ci·
1115 1123 1148 1175 10

93 1197 183 1254 terior
196 1193 284 1253 habet
298 1192 482 1271 splendorem
498 1193 547 1252 lini
563 1195 749 1272 praecipuum
768 1197 905 1256 torrentis
924 1197 954 1255 iu
975 1213 1032 1274 quo
1054 1214 1104 1274 po·

92 1279 160 1338 litur
177 1286 291 1353 natura,
310 1277 358 1354 qui
373 1276 461 1338 adluit
475 1277 678 1337 Tarraconem.
711 1287 740 1337 et
760 1278 881 1340 tenuitas
902 1281 974 1340 mira
994 1280 1033 1338 ilri
1049 1280 1105 1358 pri·

93 1379 168 1421 mum
181 1361 309 1421 carbasis
323 1362 458 1438 repertis.
483 1377 540 1419 non
563 1360 666 1420 dudum
688 1378 726 1420 ex
745 1360 845 1420 eadem
859 1363 997 1441 Hispania
1011 1363 1104 1422 Zoeli·

94 1462 158 1504 cum
172 1445 252 1503 venit
264 1445 293 1502 in
304 1441 415 1503 ltaliam
427 1442 523 1521 plagis
535 1443 721 1518 utilissimum,
735 1445 836 1504 civitas
849 1464 883 1506 ea
895 1445 1060 1506 Gallaeciae
1076 1454 1106 1504 et

59 1544 84 1585 rs
96 1544 208 1588 oceano
225 1528 397 1604 propinqua.
429 1535 474 1585 est
485 1543 536 1585 sua
550 1527 645 1602 gloria
661 1536 689 1585 et
704 1524 831 1586 Cumano
850 1529 878 1586 in
897 1527 1053 1606 Campania
1070 1527 1106 1588 ad

94 1611 215 1690 piscium
233 1617 262 1668 et
276 1609 373 1669 alitum
394 1618 550 1687 capturam.
579 1608 680 1669 eadem
701 1619 731 1669 et
747 1609 842 1688 plagis
859 1612 987 1671 materia.
1012 1623 1148 1688 nequell

94 1695 169 1754 enim
187 1694 314 1752 minores
330 1695 441 1752 cunetis
461 1693 627 1753 animalibus
647 1692 766 1753 insidias
784 1712 867 1771 quam
891 1694 1106 1772 nobismetipsis

93 1778 153 1838 lina
167 1776 316 1837 tendimus.
344 1777 395 1835 sed
411 1775 554 1837 Cumanae
568 1777 674 1855 plagae
690 1776 843 1838 concidunt
855 1797 943 1857 apros
954 1786 984 1837 et
994 1777 1106 1838 Tuscae

94 1862 142 1922 vel
160 1861 231 1921 ferri
259 1862 351 1920 aciem
369 1862 503 1936 vincunt,
526 1861 706 1940 vidimusque
727 1862 783 1922 iam
804 1871 900 1923 tantae
917 1862 1060 1922 tenuitatis
1077 1868 1108 1920 ut

58 1961 85 2010 2⁰
94 1945 207 2006 anulum
218 1944 416 2004 hominisoum
429 1944 585 2023 epidromis
596 1947 750 2005 transirent
763 1963 818 2005 uno
835 1955 968 2025 portante
985 1944 1107 2005 multitu-

95 2030 189 2090 dinem
202 2046 256 2106 qua
268 2029 358 2090 saltus
371 2031 668 2104 cingerentur-nec
681 2029 709 2089 id
721 2047 852 2090 maxume
864 2030 972 2106 mirunq
985 2028 1037 2087 sed
1049 2029 1104 2087 sin·

94 2113 164 2190 gula
175 2130 272 2171 earum
284 2113 403 2171 stamina
417 2121 540 2172 centeno
553 2114 756 2191 quinquageno
768 2113 818 2173 lilo
828 2123 963 2173 constare
970 2146 1021 2188 -‚
1033 2114 1108 2171 sicut

96 2195 183 2274 paulo
195 2193 428 2271 antelulioLupo
441 2197 489 2270 qui
499 2196 528 2253 in
539 2195 725 2273 praefectura
735 2194 864 2274 Aegypti
875 2196 955 2255 obiit.
970 2198 1107 2254 mirentur
1116 2205 1149 2256 ll

96 2280 153 2338 hoc
161 2280 332 2355 ignorantes
342 2280 371 2335 in
381 2276 520 2356 Aegyptii
533 2278 675 2356 quondam
686 2280 767 2354 regis
776 2295 861 2355 quem
867 2278 994 2336 Amasim
1002 2284 1108 2335 vocant

59 2381 86 2420 25
96 2363 217 2423 thorace
229 2363 256 2420 ia
265 2360 442 2422 Rhodiorum
452 2361 545 2422 insula
554 2361 636 2421 Lindi
653 2364 682 2420 in
694 2360 802 2440 templo
813 2360 961 2421 Minervae
974 2370 1108 2419 cconxv

96 2447 151 2507 lilis
171 2445 284 2522 singula
301 2446 349 2506 lila
373 2454 523 2522 constare,
544 2445 623 2525 quod
634 2463 666 2504 se
684 2454 836 2524 expertum
856 2443 1019 2522 nuperrime
1041 2458 1108 2519 pro·

96 2530 164 2590 didit
179 2530 327 2591 Mucianus
339 2538 383 2588 ter
395 2528 512 2605 consul,
530 2546 694 2608 parvasque
713 2529 768 2589 iam
785 2529 922 2606 reliquias
934 2528 997 2586 eius
1007 2543 1108 2604 super·

97 2631 165 2673 esse
177 2613 231 2673 hac
247 2612 456 2690 experientium
468 2614 579 2672 iniuria.
605 2612 686 2673 ltalia
699 2623 728 2672 et
740 2612 867 2689 Pelignis
881 2613 1032 2672 etiamnum
1044 2609 1109 2669 linis
1117 2617 1151 2671 13

96 2698 238 2755 honorem
248 2695 345 2770 habet,
364 2694 416 2754 sed
427 2695 566 2756 fullonum
581 2706 687 2757 tantum
701 2697 729 2756 in
741 2715 804 2756 usu.
838 2695 946 2755 nullum
958 2704 1002 2755 est
1014 2690 1108 2752 candi·

61 2800 88 2842 ao
98 2779 161 2839 dius
178 2779 300 2838 lanaeve
316 2779 445 2856 similius,
461 2780 536 2839 siout
547 2782 574 2839 in
587 2780 699 2840 culcitis
719 2781 904 2859 praecipuam
921 2779 1044 2856 gloriam
1055 2774 1108 2836 Ca-

97 2862 178 2923 durci
192 2863 332 2941 optinent.
352 2862 506 2934 Galliarum
517 2863 575 2923 hoc
587 2873 616 2924 et
627 2873 753 2925 tomenta
765 2865 874 2943 pariter
885 2865 1039 2922 inventum.
1055 2859 1108 2918 lta-

96 2947 153 3007 liae
172 2945 286 3024 quidem
308 2965 371 3007 mos
390 2948 475 3007 etiam
494 2966 569 3008 nunc
587 2948 669 3008 durat
692 2948 719 3006 in
737 2947 935 3027 appellatione
953 2942 1108 3004 stramenti.

99 3031 139 3110 [ὅ]
156 3030 305 3108 Aegyptio
325 3031 384 3090 lino
398 3032 549 3091 minumum
556 3031 704 3108 firmitatis,
715 3029 963 3108 plurumumlueri.
978 3035 1111 3106 quattuor
1119 3032 1153 3087 14

18 3148 21 3152 ·
97 3114 267 3191 ihigenera:
280 3112 441 3175 Tanitiounr‘
449 3133 484 3174 ao
497 3114 688 3192 Pelusiacum,
699 3114 838 3190 Batinum
846 3112 1053 3188 Tentyriticum
1065 3127 1109 3168 re·

64 3198 386 3274 sagionumuominibus
397 3198 535 3276 inquibus
545 3207 710 3258 nascuntur.
721 3200 856 3276 superior
865 3215 932 3276 pars
941 3194 1072 3272 Aegypti
1083 3195 1111 3250 in

97 3281 233 3342 Arabiam
245 3300 371 3360 vergens
383 3283 477 3359 gignit
494 3282 626 3341 fruticem
638 3299 723 3360 quem
735 3283 822 3360 aliqui
834 3281 988 3357 gassipion
997 3283 1110 3350 vocant,

99 3365 197 3443 plures
209 3367 300 3443 xylon
312 3376 341 3426 et
351 3365 418 3426 ideo
431 3365 489 3425 lina
499 3364 565 3425 inde
577 3365 655 3425 lacta
667 3364 774 3440 xylina.
798 3380 907 3443 parvos
918 3370 964 3420 est
977 3358 1110 3420 similem-

99 3465 154 3524 que
166 3447 304 3512 barbatae
314 3451 397 3511 nucis
416 3449 511 3510 defert
527 3448 651 3510 fructum
669 3452 748 3510 cuius
767 3467 805 3508 ex
818 3441 1124 3508 interiorehomaaee
