2422 3840
117 167 178 229 280
461 178 490 226 c.
506 178 768 226 rnmrsncunm

116 351 238 410 nomen,
254 333 332 393 loliis
349 334 377 393 in
392 333 597 393 rotunditatem
612 333 724 411 longis,
742 332 885 392 laudatum
899 335 928 392 in
944 333 1027 393 cibis.
1059 334 1133 394 duo·

116 436 177 476 rum
194 426 347 497 praeterea
363 433 517 494 generum,
540 417 675 477 silvestre
691 425 720 476 et
736 417 847 493 mitius,
871 425 1025 494 utrumque
1041 418 1133 495 prod·
1203 446 1206 453 ·

118 518 185 561 esse
201 501 385 574 dysintericis
402 500 487 559 etiam
505 500 681 560 exulceratis
698 519 761 559 eum
777 518 868 578 pane,
885 501 1037 561 stomacho
1056 519 1133 560 vero
1202 578 1205 583 Ι

116 602 154 642 ex
175 593 270 643 aceto.
302 583 449 644 ulceribus
469 585 592 643 uetustis
615 585 693 644 inlini
716 585 834 658 crudum
855 593 884 644 et
906 585 1060 644 volnerum
1084 604 1132 645 re·
1205 596 1207 649 ἰ

116 668 240 727 centium
261 669 383 745 impetus
402 668 494 727 lenire
510 676 539 726 et
559 667 721 727 luxatorum
736 667 842 746 pedum
856 686 891 727 ac
907 670 1027 728 vesicae
1043 668 1130 728 dolo·
1147 689 1159 728 s
1201 674 1207 717 ἰ

115 769 175 810 ros.
207 750 334 812 silvestri
349 752 480 811 tenuiora
501 751 588 826 lolia,
614 752 710 812 sedin
727 751 838 811 eisdem
852 751 989 812 remediis
1005 751 1134 812 effectus
1204 720 1207 781 ¹

74 836 239 896 tornatores
256 845 286 895 et
300 837 328 895 in
341 836 465 895 sananda
475 834 617 894 hominum
634 853 668 894 ac
682 851 820 913 pecorum
834 835 945 895 scabie.
973 844 1133 913 praeterea
1148 904 1152 910 ⁸

115 920 238 979 nitorem
255 920 374 997 corpori
394 919 457 978 lieri
473 918 665 997 dentibusque
682 919 853 994 candorem,
876 920 900 978 si
920 919 1063 979 fricentur
1085 938 1131 980 ra·

117 1003 182 1063 dice
201 1022 252 1077 ea,
276 1004 385 1062 semine
404 1003 518 1078 linguae
536 1002 650 1061 subdito
672 1003 746 1061 sitim
767 1020 824 1063 non
839 1003 949 1061 sentiri.
979 1002 1038 1062 hoc
1056 1019 1130 1080 quo·

117 1104 173 1166 que
189 1086 282 1145 mandi
299 1095 327 1145 et
339 1095 460 1162 utraque
477 1087 562 1144 etiarn
578 1085 698 1146 condiri.
726 1083 865 1145 Crateuas
880 1087 995 1145 tertium
1010 1103 1132 1164 quoque
1142 1102 1165 1143 m

116 1186 208 1246 genus
227 1169 343 1228 tradidit
363 1168 542 1244 longioribus
565 1168 643 1229 loliis
665 1178 694 1229 et
715 1169 936 1245 hirsutioribus,
964 1170 1059 1230 odore
1082 1188 1130 1230 cu·

116 1252 228 1331 pressi,
255 1253 336 1311 nasci
361 1252 414 1311 snb
442 1251 550 1312 hedera
574 1271 722 1328 maxume,
752 1252 896 1331 prodesse
918 1253 1129 1332 opisthotonis,

117 1335 361 1395 contractionibus
377 1354 531 1395 nervorum
546 1336 637 1396 tribus
654 1337 749 1396 obolis
765 1338 793 1396 in
808 1338 964 1396 sextarium
978 1354 1087 1415 aquae.

73 1427 108 1484 76
173 1419 257 1499 (34.)
280 1419 403 1479 Acanthi
421 1421 562 1498 topiariae
580 1430 609 1480 et
625 1421 752 1480 urbanae
774 1420 882 1480 herbae
897 1420 956 1480 lato
975 1420 1130 1500 longoque

115 1504 188 1564 lolio
209 1503 375 1582 crepidines
397 1504 555 1579 marginum
576 1505 850 1582 adsurgentiumque
877 1504 1063 1581 pulvinorum
1087 1513 1165 1564 to=ss

116 1605 166 1648 ros
181 1589 334 1647 vestientis
351 1586 406 1646 duo
423 1605 532 1664 genera
548 1596 629 1663 sunt,
654 1588 817 1647 aculeatum
833 1597 861 1647 et
881 1588 1027 1665 crispum,
1051 1589 1133 1666 quod

118 1671 252 1744 brevius,
281 1672 403 1731 alterum
425 1671 508 1746 leve,
537 1672 614 1747 quod
637 1672 724 1749 aliqui
750 1672 910 1748 paederota
932 1679 1057 1746 vocant,
1083 1672 1134 1731 alii

115 1754 359 1834 melamphyllum.
396 1754 487 1813 Huius
501 1755 617 1814 radices
634 1757 707 1814 ustis
722 1755 886 1831 luxatisque
907 1755 978 1814 mire
994 1765 1132 1833 prosunt,
1163 1813 1180 1834 ,

117 1840 184 1897 item
199 1840 301 1916 ruptis,
321 1838 480 1914 convolsis,
498 1846 526 1896 et
540 1838 676 1916 phthisim
691 1837 883 1899 metuentibus
898 1838 1033 1898 incoctae
1050 1839 1132 1914 cibo,

115 1923 363 1981 maxume‘tisana.
397 1921 536 1999 podagris
552 1939 669 1999 qnoque
691 1923 844 1981 inlinuntur
864 1922 948 1981 tritae
968 1930 998 1980 et
1019 1920 1165 1982 calcia-ao

117 2013 181 2064 ctae
196 2003 307 2063 calidis,

73 2096 106 2151 77
181 2083 261 2168 (35.)
286 2085 453 2165 Bnplcuron
480 2086 508 2146 in
531 2096 635 2165 sponte
661 2091 840 2149 nascentium
865 2088 976 2146 olerum
1007 2106 1133 2149 numero

116 2169 221 2230 Graeci
238 2170 361 2245 habent,
380 2171 465 2231 caule
482 2170 614 2247 cubitali,
633 2172 711 2233 loliis
727 2172 823 2232 multis
839 2171 1012 2250 longisque,
1032 2175 1134 2251 capito

116 2255 209 2331 aneti,
235 2254 379 2315 laudatum
394 2255 422 2313 in
441 2254 514 2314 cibis
536 2254 571 2315 ab
589 2255 784 2335 Hippocrate,
807 2257 835 2314 in
851 2254 991 2315 medicina
1010 2272 1026 2313 a
1043 2254 1133 2317 Glau-

117 2356 192 2398 cone
216 2348 244 2399 et
262 2338 418 2398 Nicandro.
463 2356 562 2398 semen
588 2348 687 2400 contra
707 2340 852 2417 serpentis
872 2338 961 2398 valet.
1000 2338 1074 2399 lolia
1096 2340 1133 2400 ad
1142 2366 1167 2406 ss

115 2424 259 2482 secundas
280 2423 447 2482 feminarum
470 2423 519 2482 vel
542 2440 641 2482 sucum
662 2441 699 2482 ex
719 2424 786 2481 vino
808 2421 942 2496 inlinunt,
966 2430 995 2480 ct
1012 2425 1133 2483 strumis

115 2506 266 2566 soliacum
287 2507 348 2566 sale
368 2516 398 2566 et
416 2507 495 2566 vino.
532 2504 614 2565 radix
637 2516 736 2566 contra
755 2507 901 2584 serpentis
918 2504 1000 2565 datur
1016 2506 1046 2564 in
1062 2508 1133 2567 vino

116 2599 145 2649 et
162 2591 261 2648 urinae
278 2591 409 2650 ciendae.

72 2681 107 2736 78
182 2672 265 2750 (36.)
287 2673 450 2752 Buprestim
476 2691 579 2750 magna
601 2674 790 2732 inconstantia
814 2673 918 2733 Graeci
939 2673 967 2730 in
992 2671 1133 2735 laudibus

116 2755 244 2815 ciborum
266 2759 350 2818 etiam
372 2758 515 2832 habuere,
541 2756 685 2834 iidemque
709 2755 836 2817 remedia
860 2765 1003 2835 tamquam
1027 2767 1167 2822 contram

115 2858 257 2899 venenum
272 2842 469 2919 prodiderunt,
485 2849 515 2898 et
530 2840 622 2918 ipsum
638 2857 743 2899 nomen
757 2838 864 2900 indicio
881 2850 926 2900 est
941 2839 1031 2899 boum
1048 2851 1134 2902 certe

33 2934 36 2939 ’
115 2943 257 2985 venenum
274 2943 360 2999 csse,
379 2940 452 3001 quos
471 2922 596 2983 dissilire
611 2923 764 3000 degustata
779 2923 915 2983 fatentur.
945 2935 1134 3003 quapropter

113 3026 170 3068 nec
185 3009 220 3067 de
235 3007 290 3067 hac
306 3009 388 3084 plura
404 3007 542 3066 dicemus.
571 3016 616 3067 est
628 3024 699 3065 vero
716 3024 802 3066 causa
818 3025 907 3084 quare
919 3024 1034 3067 venena
1046 3027 1133 3070 mon·

116 3100 238 3150 stremus
250 3091 324 3149 inter
336 3091 497 3166 gramineas
510 3107 644 3167 coronas,
658 3090 712 3149 nisi
724 3089 849 3150 libidinis
862 3109 948 3151 causa
960 3093 1133 3168 expetenda

116 3173 201 3233 alicui
222 3174 351 3315 quetur,
374 3190 457 3250 quam
479 3190 536 3232 non
557 3175 642 3234 aliter
663 3175 754 3251 magis
775 3175 896 3234 accendi
919 3184 1020 3253 putant
1043 3194 1168 3254 quamss

115 3267 183 3336 pota
202 3276 235 3317 ea

72 3349 109 3405 79
179 3341 262 3421 (37.)
286 3339 515 3419 Elaphoboscon
536 3340 714 3401 ferulaceum
737 3350 797 3416 est,
827 3343 1023 3418 geniculatum
1045 3343 1134 3422 digiti

113 3425 314 3505 crassitudine,
332 3426 441 3486 semine
459 3423 603 3498 corymbis
617 3423 848 3502 dependentibus
865 3425 927 3484 silis
944 3425 1057 3504 elligie,
1075 3428 1133 3488 sed
