2422 3840
129 151 148 214 8
455 160 485 208 o.
501 160 598 207 emur
616 157 766 208 securum

128 318 203 376 tinus
228 330 324 394 neque
352 312 388 373 ad
408 312 513 372 iustum
539 313 746 373 incrementum
772 313 923 390 pervenit,
949 311 1007 373 lroc
1031 320 1080 372 est
1102 321 1135 375 nt

127 399 263 461 nucleum
281 397 366 458 fabae
380 395 573 473 magnitudine
590 395 707 456 habeat.
741 396 823 475 nigre
844 396 949 457 diutius
969 396 1048 456 viret
1068 414 1134 458 cre·

127 486 259 561 scitque,
284 490 315 541 ut
337 480 478 541 interdum
495 480 562 541 mali
584 480 722 559 conpleat
737 479 972 558 magnitudinem.
1014 484 1149 559 optnnr'

128 565 335 641 Commagena,
351 564 507 625 deterrima
520 582 559 624 ex
574 564 694 625 robore.
725 565 838 642 siguum
856 565 920 625 eius
935 564 1014 643 quod
1030 578 1133 627 cater-

128 668 183 710 nae
201 649 354 710 tralucent.
1141 675 1155 717 ι

85 745 120 800 28
191 734 275 812 (10.)
318 732 420 793 Robur
444 741 563 811 praeter
587 732 710 792 fructum
736 731 868 810 pluruma
894 740 924 792 et
948 731 1005 792 alia
1028 732 1133 811 gignit.

127 835 252 898 namque
274 817 331 877 fert
351 826 381 876 et
402 816 499 895 gallae
521 824 674 894 utrumque
699 833 794 893 genus
816 825 846 876 et
869 833 945 894 quae
966 816 1024 877 iam
1042 816 1135 879 veluti

127 919 224 977 mora,
250 903 279 961 ni
293 902 435 962 distarent
455 900 534 961 arida
550 900 671 976 duritie,
694 900 866 978 plerumque
879 900 954 960 tauri
970 909 1058 979 caput
1071 901 1134 961 imi·

125 987 214 1047 tantia
230 985 334 1063 quibus
351 985 463 1044 fructus
478 985 554 1043 inest
576 984 688 1044 nucleis
713 984 809 1045 olivae
832 983 944 1045 similis.
977 993 1135 1047 nascuntur

126 1071 156 1129 in
174 1085 210 1128 eo
227 1077 256 1128 et
270 1067 379 1147 pilulae
394 1066 516 1128 nucibus
530 1083 588 1127 non
602 1066 761 1143 absimiles,
777 1069 853 1128 intus
863 1066 1008 1128 babentes
1017 1067 1133 1130 floccos
1144 1088 1169 1133 uo

127 1153 223 1213 mollis
239 1152 419 1213 lucernarum
433 1150 585 1211 luminibus
602 1159 698 1229 aptos.
732 1168 797 1211 nam
809 1161 839 1211 et
849 1151 913 1211 sine
926 1152 995 1214 oleo
1010 1151 1138 1231 flagrant

129 1236 213 1297 sicuti
228 1236 307 1312 galla
322 1237 414 1312 nigra.
440 1235 499 1296 lert
514 1243 544 1295 et
558 1235 643 1296 aliam
658 1236 787 1296 inutilem
801 1235 920 1314 pilulam
932 1253 996 1295 oum
1012 1236 1136 1317 capillo,

85 1329 221 1384 saverne
236 1328 331 1379 tamen
345 1328 478 1398 tempore
495 1319 652 1397 melliginis
668 1321 741 1379 suci.
772 1321 893 1397 gignunt
911 1328 941 1379 et
957 1319 1023 1381 alae
1038 1337 1136 1381 ramo·

126 1404 272 1464 rumeins
295 1403 400 1482 pilulas
423 1420 550 1482 corpore
571 1420 629 1463 non
652 1403 791 1482 pediculo
807 1403 1010 1480 adhaerentis,
1036 1404 1136 1465 caudi·

128 1489 220 1549 cantis
235 1486 389 1563 umbilicis,
406 1496 506 1548 cetera
517 1488 600 1565 nigra
611 1489 753 1549 varietate
769 1488 913 1566 dispersa.
938 1487 1034 1550 media
1049 1489 1136 1549 cocci
1145 1507 1169 1549 ιι

128 1572 259 1632 colorem
278 1571 403 1648 babent,
427 1573 537 1651 apertis
557 1581 653 1632 autem
668 1580 730 1632 atra
754 1572 877 1632 inanitas
892 1578 947 1631 est.
976 1571 1154 1650 aliquando·

126 1664 156 1715 et
172 1657 302 1733 pumices
323 1656 416 1733 gignit
437 1674 494 1716 uec
514 1672 573 1715 non
592 1665 622 1715 et
642 1673 659 1715 e
680 1655 760 1715 foliis
782 1654 954 1715 convolutas
976 1654 1085 1733 pilulas
1106 1664 1138 1716 et

126 1741 156 1798 in
175 1739 310 1798 foliorum
326 1740 409 1798 venis
425 1756 554 1818 aquosos
568 1739 692 1799 nucleos
707 1739 884 1800 candicantis
904 1755 940 1799 ac
959 1739 1136 1816 tralucidus,

127 1821 260 1900 quamdiu
274 1821 380 1881 molles
396 1822 463 1898 sint,
479 1824 508 1881 in
524 1820 628 1900 quibus
644 1831 673 1882 et
688 1823 798 1883 culices
813 1831 978 1883 nascuntur.
1008 1832 1136 1885 mature·

127 1913 211 1964 scunt
226 1906 254 1964 in
268 1904 384 1966 nodum
401 1905 446 1965 od
457 1922 581 1984 porcae
594 1905 671 1967 lenis
684 1906 792 1985 pollue
805 1906 930 1967 modum.
1143 1920 1170 1963 aa

84 1997 120 2050 30
192 1986 220 2047 8.
244 1988 329 2067 (11.)
361 1987 470 2049 Ferunt
484 1989 593 2050 robora
615 1999 644 2049 et
665 1991 809 2066 cachrym.
841 1991 880 2050 ita
903 1997 1028 2050 vocatur
1041 1989 1135 2068 pilula

126 2071 155 2130 in
172 2072 314 2132 medicina
332 2073 434 2133 urendi
447 2075 503 2133 vim
517 2073 639 2133 babens.
669 2075 799 2152 gignitur
814 2083 843 2134 et
861 2075 890 2133 in
904 2073 1013 2149 abiete,
1028 2072 1133 2151 larice,

126 2157 230 2233 picea,
245 2155 321 2233 tilia,
338 2174 429 2234 nuce,
445 2158 582 2237 platano,
598 2167 753 2236 postquam
771 2157 843 2220 lolia
858 2156 1012 2233 cecidere,
1036 2155 1135 2218 bienm

125 2238 241 2300 durans.
274 2242 403 2302 continet
421 2242 556 2303 nucleum
577 2243 671 2321 pineis
688 2242 821 2302 similem.
852 2242 878 2300 is
902 2241 1010 2300 crescit
1023 2239 1133 2318 Meroe,

125 2325 255 2401 aperitur
269 2343 342 2387 vere
357 2327 449 2406 pilula
463 2336 540 2404 tota,
559 2326 652 2403 cadit,
669 2343 734 2385 cum
748 2325 820 2385 lolia
836 2342 965 2404 coepere
981 2339 1131 2385 crescere.
1141 2346 1167 2388 aa

82 2415 115 2470 31
124 2415 182 2466 tarn
196 2408 342 2471 multifera
356 2420 439 2486 suot,
461 2420 505 2470 tot
524 2427 574 2470 res
596 2417 716 2487 praeter
732 2408 867 2486 glandem
883 2408 998 2487 pariunt
1011 2408 1133 2485 robora,

124 2491 178 2551 sed
195 2501 224 2551 et
237 2492 357 2554 boletos
372 2494 552 2573 suillosque,
575 2493 664 2570 gulae
683 2494 843 2553 novissima
862 2493 1062 2568 inritamenta,
1084 2493 1135 2572 qui

125 2576 204 2635 oiroa
218 2575 332 2636 radices
348 2579 515 2656 gignuntur,
531 2594 658 2656 quercus
672 2575 917 2654 probatissimum,
932 2574 1134 2637 roborantem

125 2666 154 2717 et
176 2676 335 2737 cupressus
356 2670 386 2720 et
406 2663 490 2740 pinus
511 2662 627 2720 noxios.
666 2659 774 2720 robora
797 2660 894 2720 ierunt
919 2668 949 2720 et
968 2659 1083 2721 viscum
1103 2667 1134 2720 et

123 2742 228 2818 mella,
251 2752 283 2803 ut
302 2752 405 2804 auctor
429 2753 475 2804 est
494 2743 656 2820 Hesiodus,
679 2751 853 2822 constatque
871 2761 955 2805 rores
970 2740 1098 2803 melleos
1114 2759 1166 2804 eto

81 2826 280 2903 11,acoaelo,ut
292 2827 426 2905 diximus,
444 2828 574 2888 cadentis
585 2843 643 2886 nou
655 2827 718 2888 aliis
730 2828 822 2904 magis
833 2827 961 2888 insidere
968 2825 1133 2889 frondibus.

123 2912 242 2970 cremati
258 2927 378 2990 quoque
399 2910 517 2972 roboris
538 2913 666 2971 cinerem
690 2911 831 2970 nitrosum
851 2928 920 2973 esse
942 2917 1055 2972 certum
1075 2918 1132 2971 est.

80 3001 114 3056 31
191 2993 276 3073 (12.)
309 2992 407 3055 Omnis
430 3005 526 3056 tamen
549 2995 603 3054 has
625 2995 688 3054 eius
710 2993 795 3056 dotes
817 2993 878 3055 ilex
899 2994 965 3056 solo
988 3002 1135 3074 provocat
1203 3018 1206 3023 ·

124 3092 228 3137 cocco.
256 3095 376 3154 granum
396 3079 455 3140 boc
472 3081 626 3159 primoque
649 3096 704 3139 ceu
726 3077 845 3140 scabies
865 3078 994 3154 fruticis,
1021 3094 1133 3156 parvae

121 3159 279 3237 aquifoliae
300 3162 385 3223 ilicis.
421 3164 582 3224 cusculium
599 3171 714 3223 vocant.
745 3163 917 3242 pensionem
940 3161 1063 3222 alteram
1082 3163 1133 3222 tri·
1121 3182 1167 3225 -so

79 3242 212 3327 „,·„buti
227 3245 406 3346 pauperibus
424 3247 580 3327 llispaniae
598 3246 695 3307 donat.
734 3264 817 3306 usum
837 3247 900 3308 eius
921 3245 1113 3322 gratiorem
1103 3263 1134 3305 m

122 3327 258 3404 conchyli
272 3330 419 3393 mentione
434 3332 613 3430 tradidimus.
644 3330 772 3470 gignitqr
787 3339 816 3389 et
831 3330 860 3389 in
876 3328 998 3404 Galatia,
1016 3327 1133 3457 Africa,
