2422 3840
311 199 392 246 unu.
408 198 498 246 mss.
515 199 602 246 xxu.
618 195 722 250 7-12.
740 187 876 265 (tt-14.)
1037 189 1094 248 271

97 354 182 429 tium,
204 353 312 412 coloris
327 351 414 411 buxei
428 352 531 411 melior
545 369 630 430 quam
647 355 745 428 nigra,
768 372 901 432 quaeque
921 355 998 414 lenta
1014 372 1099 432 quam

98 454 172 514 quae
187 435 308 512 fragilis.
333 453 401 494 usus
417 435 444 494 in
460 435 581 494 subditis
597 436 738 495 decoctae
756 438 792 496 ad
808 441 923 515 tertias,
947 446 1047 497 cetero
1062 436 1099 497 ad
1170 504 1173 509 g

96 519 190 578 mellis
217 518 452 595 crassitudinem,
478 519 630 594 aliquando
657 527 687 578 et
714 528 830 596 tunsae,
853 538 910 600 quo
936 539 1046 598 genere
1069 530 1099 580 et

96 602 263 661 volneribus
279 603 424 680 inponitur
439 612 468 661 et
483 601 606 661 iaucium
620 603 697 661 vitiis
711 603 857 680 omnibus,
879 607 947 670 item
961 606 1029 663 voci
1044 606 1097 664 uti·

72 687 205 745 slissimo
222 703 293 744 suco
315 686 358 744 sic
373 693 403 743 ut
425 686 566 762 spissatus
589 694 634 744 est
655 685 770 760 linguae
792 684 924 762 subdito,
951 688 1018 746 item
1034 689 1096 748 tho·

94 771 171 845 raci,
193 770 323 828 iocineri.
360 767 415 828 hac
436 769 559 828 diximus
584 770 660 828 sitim
685 768 847 846 famemque
869 770 974 829 sedari.
1011 770 1049 828 ob
1065 772 1094 830 id
1106 783 1143 836 26

95 851 208 930 quidam
223 852 345 929 adipson
360 853 550 929 appellavere
567 869 630 910 eam
645 860 674 910 et
689 851 856 929 hydropicis
869 853 989 927 dedere,
1013 872 1049 911 ne
1065 852 1093 893 ¹¹·
1104 852 1141 889 ²⁸⁴

95 936 214 994 sitirent.
253 936 320 994 ideo
346 944 375 993 et
398 936 623 995 conmanducata
649 936 799 994 stomatice
826 945 924 995 estet
950 936 1098 996 ulceribus

96 1019 154 1077 oris
177 1020 309 1096 inspersa
328 1036 419 1096 saepe
435 1028 464 1078 et
479 1019 630 1097 pterygiis.
660 1028 741 1077 sanat
766 1027 796 1078 et
822 1021 937 1078 vesicae
958 1019 1097 1096 scabiem,

61 1102 204 1161 sonnium
231 1101 364 1180 dolores,
399 1101 616 1178 condylomata,
646 1102 745 1161 ulcera
777 1103 953 1177 genitalium.
987 1103 1097 1163 dedere

96 1202 157 1243 eam
175 1185 288 1262 quidam
300 1185 381 1263 potui
396 1185 423 1242 in
445 1185 591 1263 quartanis
609 1184 807 1245 drachmarum
827 1187 944 1245 duarum
967 1189 1098 1263 pondere

96 1286 133 1328 ex
149 1271 268 1346 pipere,
292 1267 404 1327 hemina
419 1285 523 1345 aquae.
559 1268 783 1327 conmanducata
798 1271 966 1344 sanguinem
984 1287 1021 1329 ex
1037 1272 1098 1330 vol·

95 1369 164 1410 nere
181 1351 264 1408 sistit.
299 1358 364 1408 sunt
380 1351 472 1427 etqui
489 1350 619 1409 calculos
636 1367 671 1409 ea
687 1350 757 1427 pelli
774 1350 962 1410 tradiderunt.

158 1435 206 1494 to.
228 1431 312 1511 (12.)
339 1431 448 1492 tribuli
465 1451 549 1492 unum
563 1451 655 1508 genus
671 1435 698 1491 in
714 1433 805 1493 hortis
821 1435 958 1509 nascitur,
978 1435 1141 1500 alterumi'l

63 1519 124 1576 ¹⁵in
147 1515 308 1576 fluminibus
334 1524 450 1575 tantum.
483 1534 569 1576 sucus
596 1534 633 1575 ex
656 1516 700 1575 his
726 1517 874 1592 colligitur
890 1518 925 1577 ad
950 1518 1099 1577 oculorum

95 1600 270 1673 medicinas,
295 1608 341 1657 est
358 1600 433 1658 eninr
451 1600 652 1675 refrigerantis
670 1609 789 1659 naturae
805 1609 834 1659 et
854 1601 921 1660 ideo
937 1601 1014 1660 utilis
1031 1619 1098 1660 con-

96 1693 138 1742 tra
158 1682 394 1742 inflammationes
413 1683 672 1760 collectionesque.
707 1683 806 1743 ulcera
824 1701 876 1761 per
896 1703 929 1743 se
948 1703 1099 1763 erumpen-

95 1768 133 1826 tia
149 1776 178 1825 et
196 1767 354 1843 praecipue
369 1767 398 1825 in
414 1782 466 1825 ore
485 1784 548 1825 cum
562 1766 650 1825 melle
666 1775 763 1840 sanat,
786 1767 854 1825 item
871 1768 1012 1826 tonsillas.
1047 1786 1098 1845 po·

96 1861 141 1909 tus
159 1849 288 1909 calculos
302 1848 418 1925 trangit.
448 1848 577 1909 Thraces
596 1850 644 1927 qui
659 1847 695 1909 ad
706 1850 860 1924 Strymona
877 1849 1004 1910 habitant
1020 1851 1100 1909 toliis

60 1947 86 1987 ao
95 1933 193 1992 tribuli
211 1950 304 2009 equos
330 1933 478 2008 saginant,
506 1933 562 2010 ipsi
587 1933 692 1992 nucleo
707 1933 807 1992 vivont
834 1951 935 2012 panem
957 1934 1100 1993 iacientes

96 2016 283 2093 praedulcem
300 2025 329 2076 et
350 2017 399 2092 qui
419 2017 570 2076 contrahat
587 2025 726 2076 ventrem.
762 2017 844 2076 radix
866 2026 947 2077 caste
969 2035 1099 2095 pureque

96 2099 222 2157 collecta
238 2099 353 2157 discutit
376 2107 516 2172 strumas,
552 2116 651 2157 semen
673 2099 858 2174 adalligatum
873 2102 1000 2160 varicum
1017 2101 1099 2160 dolo·

95 2199 144 2241 res
159 2181 258 2255 sedat,
281 2181 377 2239 tritum
391 2198 463 2240 vero
480 2182 508 2239 in
526 2198 627 2258 aquam
646 2198 775 2257 sparsum
792 2182 904 2258 pulices
919 2191 1014 2241 necat.

162 2265 208 2323 ii.
232 2259 315 2344 (13.)
339 2264 466 2340 Stoebe,
492 2281 576 2341 quam
598 2263 685 2339 aliqui
711 2266 807 2342 pheon
827 2275 949 2340 vocant,
973 2265 1144 2330 decoctaas

60 2349 124 2406 rain
149 2348 216 2407 vino
242 2348 401 2425 praecipue
425 2346 542 2407 auribus
570 2346 729 2425 purulentis
756 2346 902 2428 medetur,
935 2349 1003 2408 item
1030 2366 1099 2408 ocu·

96 2432 131 2490 lis
161 2433 220 2490 ictu
254 2431 425 2509 cruentatis,
459 2429 696 2506 haemorrhagiae
721 2448 837 2508 quoque
870 2440 899 2490 et
923 2431 1100 2505 dysinteriae

95 2515 198 2574 infusa.

161 2597 209 2656 12.
234 2597 319 2675 (14.)
342 2595 532 2674 Hippophaes
554 2597 583 2656 in
604 2597 748 2657 sabulosis
773 2598 979 2674 maritimisque
1002 2600 1144 2660 nasci-29

97 2690 158 2755 tur,
179 2680 269 2757 spinis
285 2678 368 2738 albis.
393 2679 519 2740 hederae
535 2680 622 2738 modo
639 2696 789 2740 racemosa
808 2690 868 2756 est,
894 2681 1038 2758 candidis,
1062 2699 1100 2740 ex

62 2776 88 2818 ao
99 2772 181 2842 parte
206 2761 374 2822 rubentibus
401 2765 500 2823 acinis.
545 2762 627 2823 radix
653 2781 723 2823 suco
741 2761 836 2823 madet
854 2765 901 2841 qui
924 2773 972 2823 aut
997 2783 1051 2843 per
1067 2783 1102 2822 se

98 2845 229 2907 conditur
245 2855 292 2905 aut
314 2846 437 2924 pastillis
453 2847 562 2908 farinae
579 2848 649 2907 ervi.
681 2847 768 2907 bilem
782 2846 906 2907 detrahit
922 2847 1011 2907 obolo
1029 2852 1099 2925 port-

97 2931 191 3002 deris,
218 2927 408 2989 saluberrime
430 2949 493 2990 cum
514 2932 618 2990 mulso.
648 2929 701 2990 Est
724 2931 815 2991 altera
838 2930 1021 3008 hippophaes
1037 2932 1100 2989 sine

99 3014 198 3090 caule,
223 3014 284 3072 sine
300 3012 390 3087 flore,
411 3013 490 3076 loliis
505 3022 612 3074 tantum
627 3015 749 3073 minutis.
782 3013 864 3072 huius
882 3031 997 3090 quoque
1013 3031 1099 3072 sucus

96 3098 265 3175 hydropicis
293 3097 364 3156 mire
396 3098 525 3174 prodest.
567 3096 684 3156 Debent
713 3096 948 3157 adcommodatae
976 3114 1042 3156 esse
1070 3104 1144 3158 etto

62 3188 88 3230 ³⁵
99 3199 238 3260 equorum
263 3189 397 3255 naturae,
428 3198 523 3258 neque
553 3198 590 3239 ex
616 3180 670 3239 alia
690 3198 777 3240 causa
803 3197 910 3240 nomen
934 3181 1098 3257 accepisse.

100 3264 362 3344 quipps·quaedam
376 3264 536 3323 animalium
555 3262 690 3322 remediis
705 3273 859 3322 nascuntur
875 3262 1014 3338 locupleti
1030 3261 1100 3320 divi·

98 3349 187 3407 nitate
208 3349 243 3408 ad
265 3349 431 3425 generanda
454 3347 615 3424 praesidia,
636 3356 665 3405 ut
685 3362 741 3405 non
758 3347 794 3405 sit
811 3346 906 3405 mirari
929 3345 998 3404 satis
1020 3345 1101 3419 inge-

101 3432 176 3489 nium
191 3431 252 3489 sins
267 3432 446 3510 disponentis
471 3430 576 3490 auxilia
598 3430 626 3488 in
643 3446 769 3508 genera,
789 3431 820 3488 in
838 3428 1021 3498 causas,'xn
1033 3436 1115 3479 uem-
