2422 3840
115 170 173 230 164
425 178 564 226 cerum
580 176 731 225 succum

109 339 175 399 loro
192 344 297 396 tanturn
313 341 413 392 contra
431 332 616 391 invidentium
633 331 865 392 effascinationes
881 331 971 392 dicari
988 330 1124 392 videmus

110 424 139 482 in
155 418 283 480 remedio
300 419 425 491 satyrica
444 417 538 492 signa,
554 433 723 493 quamquam
743 414 844 474 hortos
866 413 975 475 tutelae
991 415 1125 476 Veneris

112 506 280 580 adsignante
298 500 409 560 Plauto.
440 501 495 559 iarn
509 499 622 576 quidem
637 498 786 558 hortorum
800 501 915 559 nomine
927 498 1036 577 inipso
1047 498 1124 559 urhe

69 602 101 655 51
111 588 231 649 delicias
247 602 335 662 agros
355 584 499 662 villasque
512 583 673 662 possident.
701 583 812 642 Primus
823 583 882 642 hoc
893 582 1016 642 instituit
1029 582 1125 643 Athe·

110 675 154 732 nis
169 671 313 749 Epicurus
333 671 372 728 oti
394 670 541 745 magister.
578 685 670 744 usque
691 665 727 727 ad
749 685 813 726 eum
832 667 920 726 moris
941 683 1001 726 non
1024 665 1146 727 luerats

111 758 139 816 in
157 754 272 834 oppidis
287 752 409 814 habitari
424 771 500 812 rura.
534 753 645 813 Romae
666 749 780 828 quidem
802 769 856 828 per
873 769 905 810 se
924 748 1030 809 hortus
1049 768 1127 828 ager

68 854 102 907 52
111 840 245 920 pauperis
259 845 329 898 erat.
348 838 388 917 [2]
405 855 443 896 cx
456 836 543 897 horto
559 835 657 915 plebei
672 835 840 911 macellum,
856 841 963 912 quanto
979 833 1126 895 innocen·

112 930 187 986 tiore
210 923 300 983 victu!
339 922 431 997 mergi
453 923 543 996 enim,
567 920 673 996 credo,
701 920 729 978 in
750 917 893 998 profunda
916 918 1005 977 satius
1031 926 1128 978 estet

112 1019 271 1070 ostrearum
302 1023 412 1082 genera
443 1005 594 1081 naufragio
633 1004 760 1080 exquiri,
795 1004 857 1063 avis
890 1001 966 1061 ultra
1003 1001 1127 1063 Phasim

112 1109 222 1153 amnem
235 1091 293 1169 peti
306 1097 335 1147 et
349 1087 483 1148 fabuloso
499 1088 613 1165 quidem
627 1095 740 1146 terrore
753 1096 839 1163 tutas,
854 1087 937 1145 immo
950 1087 993 1144 sic
1009 1089 1125 1164 pretio·
1136 1102 1161 1143 ιι

112 1177 222 1249 siores,
251 1172 321 1232 alias
342 1175 370 1231 in
392 1169 549 1231 Numidiam
571 1181 656 1249 atque
678 1169 854 1249 Aethiopiae
878 1168 1053 1248 sepulchra,
1077 1179 1129 1230 aut

113 1274 244 1338 pugnare
264 1273 327 1314 cnm
347 1256 418 1315 ieris
441 1254 593 1333 mandique
622 1256 784 1334 capientem
806 1253 882 1333 qnod
901 1252 1015 1313 mandat
1039 1254 1126 1314 alius.

113 1351 151 1416 at,
170 1340 329 1415 llerculcs,
344 1357 428 1418 quarn
441 1339 510 1399 vilia
526 1338 615 1416 haec,
633 1356 717 1416 quam
733 1348 833 1417 parata
849 1338 990 1416 voluptati
1005 1341 1127 1398 satieta-

71 1436 105 1490 53
116 1427 203 1504 tique,
220 1425 273 1484 nisi
289 1424 389 1484 cadem
413 1442 486 1502 quae
505 1422 610 1502 ubique
632 1423 790 1499 indignatio
811 1421 992 1482 occurreret!
1024 1422 1126 1482 leren-

114 1511 178 1570 dum
194 1528 263 1568 sane
278 1509 364 1569 luerit
378 1509 520 1587 exquisita
534 1510 615 1567 nasci
629 1525 724 1587 poma,
739 1505 795 1566 alia
810 1523 926 1584 sapore,
943 1504 1159 1582 aliamngni·1s

114 1594 229 1671 tudine,
251 1594 306 1653 alia
331 1602 478 1669 monstro,
501 1591 676 1671 pauperibus
697 1589 865 1667 interdicta,
881 1590 1039 1648 inveterari
1056 1590 1126 1648 vina

116 1679 268 1756 saccisque
285 1678 420 1752 castrari,
437 1693 492 1735 nec
509 1677 640 1753 cuiquam
660 1675 734 1736 adeo
756 1673 872 1750 longam
895 1689 961 1732 esse
982 1674 1074 1733 vitam
1095 1681 1126 1733 ut

114 1780 173 1822 non
188 1771 252 1822 ante
268 1779 299 1819 se
315 1763 413 1837 genita
428 1767 519 1838 potet,
538 1752 701 1835 el'rugibus
718 1775 833 1836 quoque
850 1757 990 1835 quendam
1002 1755 1126 1819 halitum

115 1845 169 1906 sibi
185 1845 370 1919 excogitasse
387 1842 544 1917 luxuriam,
567 1860 601 1901 ac
623 1841 747 1902 medulla
770 1850 878 1902 tantum
899 1857 998 1901 earum
1018 1853 1124 1920 snper·

116 1948 171 2008 que
187 1929 367 2007 pistrinarum
384 1923 523 2002 operibus
539 1933 568 1983 et
586 1926 738 1985 caelaturis
754 1927 869 2002 vivere,
887 1924 944 1984 alio
962 1941 1037 2002 panc
1054 1943 1123 2003 pro·
1134 1943 1160 1984 nc

116 2029 230 2086 cerum,
252 2010 308 2069 alio
333 2009 427 2085 volgi,
447 2017 491 2067 tot
510 2008 667 2084 generibus
689 2026 781 2087 usque
807 2009 842 2070 ad
860 2009 982 2068 iniimam
1004 2008 1125 2087 plebem

74 2093 312 2158 ildescendente
330 2110 451 2153 annona.
482 2093 605 2152 etiamne
630 2094 658 2151 in
679 2093 779 2152 herinis
800 2093 953 2153 discrimen
976 2092 1125 2152 inventurn

116 2188 169 2253 est,
186 2195 317 2257 opesque
330 2177 518 2238 differentiam
529 2177 629 2237 fecere
641 2179 669 2237 in
680 2176 746 2236 cibo
758 2179 843 2237 etiam
854 2193 911 2236 uno
923 2193 989 2235 asse
1002 2172 1125 2235 venali?

115 2265 143 2322 in
159 2262 204 2322 his
219 2280 334 2342 quoque
351 2263 444 2340 aliqua
461 2261 515 2321 sibi
532 2263 613 2322 nasci
628 2261 718 2322 tribus
735 2269 842 2338 negant
860 2259 943 2320 caule
964 2260 994 2318 in
1013 2267 1125 2319 tantum

116 2350 246 2425 saginato
267 2357 295 2407 ut
312 2348 449 2426 pauperis
463 2364 562 2405 mensa
577 2363 634 2405 non
648 2341 763 2423 capiat?
791 2345 933 2404 silvestris
945 2343 1059 2403 iecerat
1074 2359 1159 2409 news

115 2441 178 2491 tura
194 2432 342 2507 corrudas,
360 2440 389 2489 ut
404 2431 511 2508 passim
527 2430 649 2506 quisque
662 2428 831 2488 demeteret.
862 2445 934 2487 ecce
946 2426 1042 2487 altiles
1054 2444 1124 2504 spe·

117 2523 228 2573 ctantur
243 2516 390 2593 asparagi,
407 2522 436 2572 et
450 2513 588 2573 Ravenna
606 2522 706 2573 ternos
717 2511 800 2571 libris
811 2511 952 2590 rependit.
980 2510 1037 2569 heu
1051 2527 1124 2587 pro·

116 2597 191 2673 digia
208 2599 330 2659 ventris!
360 2600 459 2657 mirum
476 2607 555 2656 esset
575 2615 632 2657 non
654 2597 744 2656 licere
767 2597 868 2676 pecori
894 2593 1006 2654 carduis
1028 2595 1125 2670 vesci,

74 2691 174 2743 55non
192 2680 261 2739 licet
279 2681 394 2760 plebeil
424 2698 516 2758 aquae
535 2698 652 2759 quoque
665 2688 854 2759 separantur,
877 2689 906 2738 et
920 2679 982 2756 ipsa
999 2687 1125 2738 naturae

116 2764 258 2823 elementa
280 2767 307 2822 vi
329 2765 471 2842 pecuniae
486 2763 613 2824 discreta
628 2773 702 2822 sunt.
728 2765 758 2823 hi
772 2764 861 2840 nivis,
876 2763 917 2822 illi
930 2762 1055 2839 glaciem
1071 2779 1124 2839 po·
1135 2788 1161 2829 30

116 2857 190 2923 tant,
218 2865 386 2926 poenasque
408 2847 543 2907 montium
564 2848 591 2905 in
606 2847 784 2925 voluptatem
802 2848 888 2923 gulae
903 2854 1027 2908 vertunt.
1060 2863 1126 2905 ser-

115 2943 198 2992 vatur
213 2932 297 3009 algor
317 2930 445 2990 aestibus
471 2931 710 3009 excogitaturque
731 2939 761 2990 ut
782 2931 884 2991 alienis
905 2927 1051 2988 mensibus
1074 2930 1127 2989 nix

116 3015 223 3092 algent.
256 3017 400 3076 decocunt
418 3014 466 3074 alii
485 3032 586 3092 aquas,
608 3032 675 3074 mox
693 3023 722 3074 ct
737 3014 802 3085 illas
818 3015 951 3074 hiemant.
982 3011 1054 3072 nihil
1069 3015 1126 3073 uti·

74 3107 174 3175 idque
202 3099 309 3158 homini
334 3101 377 3159 sic
405 3098 548 3177 quomodo
578 3118 673 3159 rerum
700 3107 818 3159 naturae
843 3098 949 3176 placet.
997 3097 1126 3157 etiamne

117 3180 207 3241 herba
232 3183 327 3261 aliqua
349 3184 427 3243 diuiti
444 3191 549 3243 tanturn
573 3181 721 3263 pascitur?
735 3216 778 3228 —
804 3199 888 3244 nemo
905 3197 1007 3241 sacros
1022 3180 1124 3240 Aven-
1136 3205 1164 3247 3⁵

116 3267 249 3345 tinosque
277 3267 381 3327 montis
412 3275 440 3326 et
469 3268 558 3326 iratae
587 3267 682 3346 plebis
710 3285 845 3328 secessus
872 3265 1124 3342 circumspexerit.

117 3369 184 3411 mox
213 3353 286 3410 enim
310 3360 390 3411 certe
421 3349 555 3428 aequabit
587 3370 661 3432 quos
692 3353 815 3430 pecunia
844 3350 1034 3427 separaverit.
1070 3349 1125 3409 ita·

118 3452 189 3512 que,
210 3434 371 3514 Hercules,
394 3435 501 3496 nullum
522 3436 636 3498 macelli
659 3434 786 3511 vectigal
816 3435 907 3494 maius
936 3432 988 3492 fuit
1010 3431 1126 3494 Rornae
