2422 3840
113 159 176 222 254
462 169 492 217 c.
507 169 604 216 rnrnr
623 167 774 215 sacnnnr

114 327 265 409 porraceis
281 323 413 400 exiliora,
430 325 458 383 in
474 324 623 384 cacumine
637 325 754 400 minuta,
769 325 844 383 inter
856 341 930 400 quae
949 340 1050 382 semen
1066 331 1123 382 est.

115 413 198 474 radix
219 410 317 469 olivae
338 410 438 485 nigrae
455 408 571 486 similis,
594 424 694 485 quam,
716 426 779 467 cum
803 406 931 485 oblonga
947 417 1009 482 est,
1032 425 1123 485 cype-

116 496 178 557 rida
201 500 327 567 vocant,
356 495 451 569 magni
474 495 502 551 in
522 492 664 552 medicina
684 510 764 550 usus.
799 491 873 551 hans
896 508 1007 569 cypero
1032 492 1125 569 prima

114 578 339 654 Hammoniaco,
367 577 495 637 secunda
517 575 649 652 Rhodio,
676 577 762 636 tertia
789 574 939 652 Theraeo,
965 576 1125 635 novissima

114 663 279 740 Aegyptio,
295 662 374 740 quod
390 671 419 721 et
435 661 582 721 confundit
594 659 792 736 intellectum,
809 661 942 738 quoniam
958 669 987 719 ct
1004 661 1148 738 cypirost

115 747 155 807 ibi
176 749 313 805 nascitur.
355 745 407 805 sed
429 747 547 824 cypiros
564 745 717 805 durissima
734 746 842 822 vixque
859 745 989 823 spirans,
1015 744 1125 803 ceteris

116 831 190 890 odor
215 838 245 889 et
266 831 338 908 ipsis
363 830 484 890 nardum
502 830 625 889 imitans.
660 833 711 888 Est
735 837 764 888 et
785 847 839 908 per
860 847 892 887 se
913 827 1012 888 Indica
1031 827 1126 887 herba

116 933 190 993 qnae
210 916 309 992 cypira
325 923 463 990 vocatur,
484 912 642 991 zingiberis
659 912 768 990 effigie.
801 913 1026 972 conmanducata
1043 913 1126 971 croci

75 1009 125 1063 118
132 1001 189 1058 vim
206 998 310 1059 reddit.
343 995 461 1075 Gypero
473 999 517 1056 vis
534 999 563 1056 in
574 997 716 1057 medicina
729 997 853 1076 psilotri.
884 996 1010 1056 inlinitur
1024 1005 1125 1075 ptery-

114 1084 169 1159 giis
188 1081 393 1158 ulceribusque
412 1081 579 1158 genitalium
597 1089 626 1140 et
646 1099 720 1157 qnae
736 1082 764 1139 in
779 1098 881 1140 umore
900 1089 965 1140 sunt
979 1080 1161 1157 omnibns,1o

116 1168 191 1225 sicut
205 1168 264 1225 oris
283 1164 441 1226 ulceribus.
465 1165 548 1225 radix
561 1165 703 1226 adversus
719 1167 896 1245 serpentium
907 1166 982 1225 ictus
997 1175 1026 1225 et
1042 1182 1125 1225 scor·

114 1252 232 1332 pinnum
249 1250 413 1330 praesentis
433 1250 544 1309 remedi
566 1257 621 1308 est.
653 1249 871 1329 volvas'aperit
892 1258 971 1330 pota.
1005 1250 1127 1326 largiori

116 1346 193 1397 tanta
212 1338 257 1396 vis
272 1345 302 1405 ut
319 1335 449 1413 expellat
470 1352 529 1395 eas.
561 1334 670 1394 urinam
689 1335 747 1395 ciet
762 1343 791 1394 et
807 1334 954 1410 calculos,
972 1332 1010 1394 ob
1026 1334 1054 1394 id
1073 1335 1126 1392 nti·

116 1420 225 1481 lissima
246 1420 425 1498 hydropicis.
459 1419 584 1478 inlinitur
606 1427 636 1478 et
651 1418 799 1479 ulceribus
820 1437 894 1498 quae
912 1427 1050 1498 serpunt,
1072 1416 1127 1477 sed

116 1504 161 1564 his
181 1506 341 1583 praecipue
363 1521 439 1582 qnae
461 1505 490 1563 in
510 1501 661 1562 stomacho
684 1512 765 1583 sont,
789 1522 805 1563 e
825 1504 892 1563 vino
911 1503 959 1563 vel
982 1511 1067 1562 aceto
1084 1503 1164 1561 in·1s

116 1587 177 1648 lita.

75 1683 126 1737 119
190 1671 273 1750 (71.)
303 1670 382 1731 Iunci
414 1672 497 1732 radix
520 1672 549 1731 in
573 1671 665 1731 tribus
685 1671 807 1731 heminis
829 1689 922 1750 aquae
945 1672 1069 1732 decocta
1093 1669 1130 1730 ad

118 1757 219 1815 tertias
240 1755 312 1814 tussi
333 1755 474 1817 medetur.
505 1774 605 1815 semen
622 1763 728 1815 tostum
746 1765 775 1815 et
797 1756 826 1814 in
842 1773 915 1834 aqna
936 1764 1034 1833 potum
1053 1754 1131 1813 sistit

118 1849 146 1899 et
162 1840 260 1899 alvom·
274 1847 303 1898 et
317 1838 485 1898 feminarum
497 1856 625 1914 menses,
640 1840 743 1918 capitis
758 1838 877 1898 dolores
894 1839 963 1897 iacit
975 1839 1023 1915 qui
1038 1854 1130 1898 voca·

117 1933 163 1982 tur
178 1921 405 1982 holoschoenus.
437 1938 512 2000 qnae
527 1939 668 2001 proxuma
690 1931 755 1982 snut
770 1922 877 1982 radicis
895 1920 1165 1981 conmanducatam

118 2017 162 2064 tur
191 2004 331 2065 adversus
357 2021 529 2064 araneorum
554 2022 678 2065 morsus.
717 2007 834 2066 invenio
864 2007 1016 2067 etiamnum
1041 2023 1133 2067 unum

117 2089 194 2147 iunci
213 2105 306 2164 genus
329 2089 407 2166 quod
430 2090 580 2169 euripicen
599 2099 715 2150 vocant.
759 2091 841 2151 huius
865 2093 974 2151 semine
997 2108 1131 2154 somnum

117 2172 218 2246 adlici,
235 2171 288 2232 sed
303 2172 417 2232 modum
432 2174 605 2235 servandum
617 2192 654 2234 ne
669 2190 760 2254 sopor
775 2175 834 2235 liat.

76 2267 128 2320 tao
188 2256 272 2336 (72.)
301 2254 402 2317 Obiter
425 2267 454 2318 et
469 2259 583 2319 odorati
600 2259 677 2318 innci
691 2261 852 2320 medicinae
869 2261 1016 2336 dicentur,
1035 2278 1130 2339 quon·

76 2361 105 2403 η,
119 2358 151 2396 1⁰⁴
163 2343 218 2402 iarn
239 2350 267 2400 et
289 2342 317 2401 in
339 2342 422 2417 Syria
440 2340 549 2419 Coele,
574 2352 605 2402 nt
627 2361 680 2402 suo
704 2345 773 2404 loco
795 2344 963 2420 retulimus,
987 2346 1129 2406 nascitur.
1140 2368 1167 2408 2⁵

119 2425 328 2486 laudatissimus
355 2443 392 2485 ex
420 2426 570 2487 Nabataea
594 2430 766 2504 cognomine
790 2428 940 2504 lonchitis,
967 2446 1132 2508 proxumus

118 2508 309 2585 Babylonius,
335 2529 488 2589 pessumus
515 2529 552 2570 ex
576 2510 678 2571 Africa
701 2531 736 2573 ac
755 2514 818 2573 sinc
835 2512 945 2587 odore,
972 2522 1017 2572 est
1033 2523 1132 2574 antem

118 2592 272 2668 rotundus,
291 2596 412 2655 vinosae
427 2596 625 2656 mordacitatis
642 2597 678 2657 ad
694 2597 831 2674 linguam
862 2597 994 2656 sincerus
1014 2599 1043 2656 in
1058 2615 1131 2658 con-

118 2675 248 2736 fricando
264 2677 383 2738 odorem
398 2697 486 2740 rosae
504 2681 604 2739 emittit
620 2680 790 2741 rubentibus
804 2681 984 2758 fragmentis.
1010 2681 1133 2743 discutit

118 2758 298 2834 inflationes,
320 2762 357 2821 ob
378 2762 406 2822 id
428 2764 576 2823 stomacho
593 2762 670 2822 utilis
689 2763 836 2844 bilemque
851 2773 881 2824 et
895 2766 1064 2842 sanguinem
1080 2785 1129 2828 re·
1142 2788 1169 2831 so

118 2843 282 2904 icientibns.
312 2846 453 2922 singultus
471 2847 570 2922 sedat,
587 2855 686 2906 ructus
701 2859 813 2923 movet,
831 2849 940 2909 urinam
958 2851 1033 2925 cist,
1049 2853 1131 2911 vesi·

120 2945 172 2988 cae
194 2929 335 2989 medetur.
371 2929 408 2989 ad
425 2930 575 2990 muliebris
597 2949 667 2990 usus
686 2932 867 3012 decoquitur.
902 2933 1132 3012 opisthotonicis

120 3013 183 3071 curn
198 3014 294 3072 resina
307 3013 386 3073 arida
402 3014 547 3092 inponitur
562 3013 771 3078 excalfactoria
786 3018 824 3077 vi.

76 3105 125 3160 121
191 3096 275 3174 (73.)
304 3096 384 3157 Rosa
411 3097 577 3177 adstringit,
605 3098 770 3177 relrigerat.
808 3118 877 3161 usus
907 3102 969 3161 eins
993 3101 1133 3164 dividitur

119 3180 147 3238 in
164 3180 234 3241 lolia
258 3190 287 3240 ct
306 3181 396 3242 llores
421 3191 450 3242 et
470 3186 574 3263 capita.
604 3183 741 3245 loliorum
764 3195 863 3266 partes
879 3203 954 3266 qnae
970 3194 1035 3246 snut
1060 3204 1170 3251 can-ac

118 3265 203 3326 didae
220 3284 332 3343 ungnes
349 3276 499 3327 vocantur.
529 3270 558 3328 in
581 3267 654 3328 nore
681 3270 757 3330 aliud
779 3280 824 3331 est
845 3287 961 3346 semen,
984 3269 1063 3331 alind
1081 3290 1132 3333 ca·

112 3349 222 3426 pillus,
245 3351 275 3410 in
297 3353 391 3430 capite
413 3350 490 3412 alind
512 3363 630 3428 cortex,
652 3354 729 3415 aliud
751 3355 846 3431 calyx.
878 3353 979 3414 folium
1000 3354 1133 3417 siccatur

99 3441 155 3492 aut
168 3433 266 3499 tribus
279 3437 379 3501 modis
396 3438 584 3521 exprimitur:
608 3453 663 3519 per
677 3456 732 3516 ss,
749 3457 816 3499 cnm
827 3455 941 3514 ungues
956 3454 1014 3497 non
1030 3438 1132 3500 detra·
