2422 3840
237 199 240 204 ’
303 212 890 291 nannianxvn.10—11.(14—16.)
1058 215 1098 273 59

96 376 184 435 biduo
201 376 229 435 in
242 375 341 435 umbra
357 377 467 435 siccata
481 374 617 449 serenda,
630 374 719 434 densa
730 374 758 433 in
767 374 905 452 refracto,
918 386 997 436 terra
1009 395 1099 455 super

95 459 252 518 minutatim
276 459 417 534 cribrata,
442 457 632 517 crassitudine
651 459 773 536 quaein
794 461 951 538 cupressis.
981 459 1097 538 pluviae

97 544 122 600 si
137 559 194 600 non
209 542 353 618 adiuvent,
368 542 527 618 rigandum.
555 540 732 600 deferendae
745 560 783 600 ex
794 560 923 602 arearum
934 545 1016 603 venis
1031 553 1098 622 post

98 643 200 684 annum
217 626 245 684 in
260 627 379 686 ulmaria
395 624 548 684 intervallo
565 623 662 701 pedali
677 625 706 683 in
722 642 864 702 quamque
880 637 1000 704 partem.
1031 626 1091 686 lla-
1105 634 1138 688 rt

71 710 167 767 eritas
185 709 279 768 ulmos
294 718 428 769 autumno
444 726 546 767 serere
564 707 670 766 utilius
702 708 768 784 quia
784 717 883 766 carent
898 712 1021 784 semine,
1039 727 1096 768 non

96 793 150 851 nisi
166 812 183 852 e
200 793 306 871 plantis
322 799 465 851 seruntur.
503 793 531 850 in
555 790 703 851 arbustum
726 793 925 869 quinquennes
945 793 997 850 sub
1021 794 1094 852 urbe

96 876 273 935 transierunt
294 883 357 950 aut,
380 883 410 934 ut
431 874 599 952 quibusdam
622 875 738 952 placet,
756 892 831 951 quae
846 876 977 933 vicenum
991 875 1096 953 pedum
1171 880 1176 889 “

97 977 165 1019 esse
185 967 357 1037 coeperunt.
393 959 475 1017 sulco
494 959 542 1036 qui
559 960 732 1017 novenarius
752 957 856 1017 dicitur
877 958 1024 1019 altitudine
1044 978 1095 1037 pe·

97 1043 162 1101 dum
177 1043 273 1119 trium,
290 1043 352 1120 pari
364 1042 514 1101 latitudine
529 1050 559 1100 et
574 1059 610 1101 eo
624 1043 758 1120 amplius,
775 1043 853 1102 circa
866 1043 987 1121 positas,
1003 1043 1096 1121 pedes

61 1125 171 1185 roterni
194 1126 319 1203 undique
344 1145 360 1185 e
382 1126 477 1185 solido
498 1125 720 1203 adaggerantur.
759 1126 854 1184 arulas
881 1126 909 1186 id
936 1135 1042 1185 vocant
1067 1127 1095 1184 in

97 1208 264 1287 Campania.
307 1209 464 1269 Intervalla
491 1227 528 1268 ex
555 1208 614 1267 loci
638 1218 739 1268 natura
769 1219 924 1269 sumuntur.
966 1211 1095 1269 rariores

96 1293 236 1353 serendas
252 1295 280 1352 in
298 1292 507 1370 campestribus
523 1294 667 1351 convenit.
690 1292 818 1370 Populos
834 1301 862 1352 et
874 1294 1013 1368 fraxinos,
1030 1295 1097 1372 quia
1105 1301 1138 1355 78

97 1377 278 1435 festinantius
289 1378 460 1452 germinant,
470 1375 585 1452 disponi
600 1393 716 1453 quoque
729 1377 866 1435 maturius
879 1379 1024 1451 convenit,
1038 1377 1094 1437 boc

97 1468 143 1518 est
161 1458 196 1519 ab
212 1459 306 1518 idibus
320 1458 497 1533 Februariis,
513 1458 618 1535 plantis
632 1468 662 1517 et
676 1461 755 1536 ipsas
767 1460 923 1518 nascentis.
950 1459 981 1518 ln
998 1461 1094 1536 dispo-

62 1542 200 1601 rsnendis
217 1541 369 1600 arboribus
384 1539 569 1617 arbustisque
587 1557 622 1598 ac
635 1542 727 1599 vineis
743 1543 949 1618 quincuncialis
966 1543 1095 1602 ordinum

97 1626 170 1684 ratio
187 1624 306 1699 volgata
323 1632 352 1683 et
366 1624 544 1699 necessaria,
560 1640 617 1681 non
632 1623 755 1700 perflatu
766 1624 852 1683 modo
865 1624 941 1683 utilis
954 1642 1053 1683 verum
1067 1634 1095 1683 et

97 1708 238 1784 adspectu
254 1716 351 1783 grata,
375 1706 593 1785 quoquomodo
611 1709 741 1765 intueare
759 1707 787 1764 in
803 1709 931 1766 ordinem
953 1709 1093 1785 seponi·

95 1800 185 1867 gente
193 1809 289 1849 versu.
307 1790 435 1869 Populos
449 1790 550 1850 eadem
565 1790 638 1848 ratio
654 1790 762 1849 semine
776 1808 851 1868 quae
863 1791 955 1850 ulmos
966 1792 1092 1867 serendi,

97 1874 291 1948 transferendi
306 1892 423 1954 quoque
440 1893 456 1933 e
472 1875 633 1933 seminariis
648 1873 750 1933 eadem
763 1882 792 1932 et
807 1874 898 1934 silvis.

60 1969 87 2007 ²⁰
160 1959 245 2037 (16.)
267 1958 342 2017 Ante
361 1958 454 2018 omnia
471 1959 558 2034 igitur
579 1958 607 2015 in
621 1958 741 2017 similem
758 1958 908 2017 transferri
923 1967 1027 2018 terram
1043 1968 1089 2018 aut
1102 1968 1135 2022 79

96 2043 248 2103 meliorem
264 2051 391 2121 oportet,
408 2059 464 2100 nec
480 2059 517 2100 ex
534 2041 640 2118 tepidis
656 2051 704 2101 aut
721 2041 915 2119 praecocibus
930 2044 958 2101 in
973 2042 1093 2117 frigidos

96 2135 144 2186 aut
160 2128 304 2186 serotinos
320 2128 402 2201 situs,
417 2133 447 2182 ut
461 2142 557 2200 neque
567 2141 604 2182 ex
616 2124 660 2183 his
673 2127 702 2183 iu
714 2124 791 2184 illos.
822 2125 997 2203 praefodere
1012 2142 1093 2183 scro-

96 2211 140 2269 bis
160 2218 242 2284 ante‚
266 2211 289 2268 si
306 2209 369 2267 lieri
384 2216 503 2285 posset,
527 2215 605 2265 tanto
631 2208 710 2284 prius
732 2208 827 2266 donec
848 2210 948 2285 pingui
964 2209 1093 2285 caespite

98 2291 287 2352 obducantur.
320 2291 406 2367 llago
430 2300 494 2350 ante
519 2307 619 2348 annum
641 2290 736 2365 iubet,
758 2299 789 2349 ut
810 2291 903 2350 solem
923 2290 1136 2368 pluviasquesso

61 2390 88 2430 as
100 2374 266 2451 conbibant,
285 2384 343 2451 aut,
362 2376 386 2433 si
401 2375 430 2435 id
446 2374 578 2434 condicio
596 2373 698 2448 largita
714 2390 771 2431 non
789 2375 841 2448 sit,
859 2375 934 2449 ignis
951 2373 978 2429 in
993 2372 1092 2429 mediis

97 2460 159 2518 lieri
173 2467 239 2518 ante
254 2477 371 2518 menses
387 2459 470 2534 duos,
487 2476 542 2517 nec
557 2458 611 2515 nisi
626 2467 693 2533 post
708 2456 807 2515 imbris
824 2458 852 2515 in
867 2456 912 2515 bis
928 2455 996 2514 seri.
1031 2455 1093 2513 alti·

97 2539 222 2601 tudin'em
243 2560 342 2601 eorum
362 2544 390 2601 in
411 2542 552 2618 argilloso
575 2548 622 2600 aut
645 2541 715 2601 duro
744 2540 808 2599 solo
831 2541 913 2599 trium
935 2538 1093 2598 cubitorum

98 2643 166 2684 esse
182 2627 210 2682 in
226 2644 368 2704 quamque
384 2635 505 2704 partem,
523 2627 552 2683 in
566 2625 666 2703 pronis
683 2624 779 2703 palmo
794 2623 926 2702 amplius,
943 2632 972 2681 et
986 2622 1093 2700 ubique

99 2709 237 2767 caminata
255 2709 369 2767 fossura
385 2727 436 2769 ore
450 2709 672 2788 conpressiores
684 2710 750 2784 sint,
765 2709 846 2785 nigra
858 2725 931 2766 vero
942 2715 1019 2765 terra
1036 2705 1093 2764 duo

62 2805 88 2846 ³0
100 2792 193 2851 cubita
210 2801 238 2851 et
253 2792 376 2870 palmum
399 2793 544 2870 quadratis
560 2791 672 2868 angulis
696 2792 797 2852 eadem
817 2809 960 2851 mensura.
990 2789 1094 2850 Graeci

98 2885 234 2936 auctores
250 2878 432 2936 consentiunt
457 2895 514 2936 non
530 2876 651 2936 altiores
670 2876 756 2954 quino
780 2875 929 2954 semipede
954 2892 1021 2933 esse
1043 2872 1093 2931 de-
1146 2870 1149 2876 ’

98 2960 169 3018 bere
184 2994 227 3004 -
241 2978 296 3020 nec
321 2959 441 3020 latiores
460 2959 571 3019 duobus
587 2960 721 3037 pedibus,
738 2978 878 3038 nusquam
892 2975 963 3018 vero
982 2957 1093 3035 sesqui·

98 3043 175 3122 pede
191 3045 283 3104 minus
300 3044 375 3103 altos
390 3078 442 3118 -,
458 3044 590 3120 quoniam
606 3045 634 3101 in
647 3043 742 3102 umido
760 3045 824 3103 solo
841 3044 877 3104 ad
893 3043 985 3102 vicina
1000 3059 1093 3119 aquae

98 3128 258 3204 perveniat.
291 3125 373 3202 Cato,
392 3127 417 3184 si
432 3127 513 3185 locus
528 3143 656 3205 aquosus
677 3127 728 3201 sit,
746 3128 820 3186 latos
840 3127 932 3206 pedes
948 3135 1046 3186 ternos
1062 3128 1090 3185 in
1101 3138 1133 3191 81

61 3227 88 3268 cs
99 3210 229 3271 faucibus
238 3214 369 3288 imosque
380 3209 502 3287 palmum
511 3217 539 3267 et
552 3209 667 3286 pedem,
676 3211 823 3271 altitudine
832 3219 966 3289 quattuor
977 3210 1092 3288 pedum,

99 3311 151 3354 eos
168 3295 264 3373 lapide
282 3294 428 3353 consterni
443 3301 501 3367 aut,
515 3293 607 3350 sinon
620 3293 666 3366 sit,
680 3296 798 3369 perticis
813 3296 931 3372 salignis
944 3292 1092 3366 viridibus,

98 3378 232 3455 sineque
252 3377 307 3436 lrae
329 3378 400 3451 sint,
422 3375 590 3450 sarmentis,
613 3376 652 3434 ita
672 3384 702 3434 ut
722 3379 751 3435 in
771 3378 946 3437 altitudinem
967 3377 1093 3452 semipes

98 3457 272 3520 detrahatur.
303 3458 387 3520 nobis
405 3457 585 3519 adiciendum
599 3458 722 3518 videtur
735 3477 773 3518 ex
795 3461 951 3538 praedicta
959 3458 1112 3514 urbam
