2422 3840
137 171 178 232 42
477 184 508 232 c.
524 185 621 231 enirn
637 184 787 233 sucrum

139 338 208 398 ctile
234 339 308 397 sicut
333 338 433 396 citrum
458 356 596 416 acerque.
630 356 685 397 nec
710 338 828 398 aliarum
854 338 957 397 tubera
977 339 1006 397 in
1026 338 1134 416 pretio.

138 420 233 480 bledla
251 439 318 499 pars
335 419 468 479 arborum
485 423 624 500 crispior,
647 431 676 481 et
692 439 749 500 quo
765 422 886 500 propior
907 420 997 481 radici
1017 421 1135 481 minori·

95 505 209 567 atibus
225 506 374 581 magisque
390 504 534 564 flexilibus
549 504 679 564 maculis.
706 505 786 566 llaec
800 507 891 583 prima
906 506 989 582 origo
1001 504 1135 566 luxuriae

139 586 283 662 arborum,
300 587 356 648 alia
368 588 456 665 integi
469 598 497 647 et
511 588 631 648 viliores
646 588 717 666 ligni
731 589 921 667 pretiosiores
939 589 1049 648 cortice
1059 587 1134 648 lieri.

137 681 168 730 nt
183 689 238 730 una
254 671 342 731 arbor
357 674 476 750 saepius
488 673 615 747 veniret,
638 675 821 749 excogitatae
836 681 901 731 sunt
922 682 952 731 et
967 671 1038 748 ligni
1055 671 1160 732 brat-u

137 765 213 815 teae.
247 773 302 814 nec
323 757 404 815 satis.
437 773 565 835 coepere
587 757 676 833 tingui
697 756 856 815 animalium
881 772 1004 830 cornua,
1028 754 1134 815 dentes

94 847 147 903 233
155 840 251 898 secari
262 839 427 917 lignumque
435 839 526 901 ebore
533 839 678 917 distingui,
686 857 754 899 mox
766 840 884 917 operiri.
907 839 1015 916 placuit
1025 838 1134 899 deiude

137 925 286 982 materiem
303 932 332 982 et
347 925 375 980 in
390 926 460 982 mari
476 925 586 1002 quaeri.
618 922 733 983 testudo
748 924 777 981 in
793 923 850 982 hoc
868 932 959 986 secta.
980 939 1133 1000 nuperque

137 1008 316 1085 portentosis
332 1007 453 1082 ingeniis
465 1008 627 1085 principatu
640 1005 764 1066 Neronis
777 1007 921 1066 inventum
936 1015 966 1064 ut
977 1007 1133 1084 pigmentis

137 1089 277 1168 perderet
293 1109 325 1148 se
344 1089 493 1167 plurisque
508 1091 621 1149 veniret
637 1091 744 1150 imitata
761 1090 877 1166 lignum.
904 1091 946 1148 sic
963 1090 1047 1149 lectis
1064 1107 1131 1166 pre·
1143 1107 1168 1149 so

137 1173 175 1232 tia
192 1183 381 1249 quaeruntur,
399 1174 442 1233 sic
459 1172 650 1232 terebinthum
664 1174 740 1233 vinci
755 1173 872 1249 iubent,
889 1175 932 1235 sic
948 1174 1048 1233 citrum
1064 1189 1132 1251 pre·

137 1255 239 1314 tiosius
253 1257 325 1330 lieri,
339 1259 382 1315 sic
393 1275 462 1316 acer
475 1257 579 1334 decipi.
601 1257 686 1316 modo
699 1257 810 1317 luxuria
822 1274 878 1316 non
889 1257 984 1318 luerat
996 1248 1133 1316 contenis

138 1338 229 1416 ligno,
246 1341 301 1399 iam
316 1340 423 1417 lignum
438 1341 513 1399 euim
528 1358 544 1398 e
559 1341 703 1400 testudine
718 1341 795 1400 lacit.

93 1431 148 1484 234
210 1424 260 1484 44.
281 1424 363 1502 (85.)
386 1424 451 1483 Vita
464 1424 598 1484 arborum
611 1425 785 1502 quarundam
797 1425 924 1484 inmensa
933 1423 1013 1484 credi
1020 1431 1132 1502 potest,

139 1508 163 1565 si
180 1509 244 1586 quis
260 1507 402 1585 prolunda
421 1508 516 1568 mnndi
538 1516 568 1567 et
589 1508 680 1567 saltus
694 1511 864 1568 inaccessos
881 1506 999 1583 cogitat.
1030 1523 1133 1566 verum
1144 1529 1168 1569 rs

139 1608 177 1650 ex
198 1591 242 1650 his
264 1609 336 1671 quas
353 1593 490 1652 memoria
507 1591 651 1652 bominum
669 1591 794 1651 custodit
817 1590 917 1650 durant
938 1590 966 1648 in
985 1588 1132 1649 Liternino

138 1674 267 1734 Africani
280 1677 385 1752 prioris
404 1693 487 1734 manu
502 1684 583 1734 satae
600 1676 711 1753 olivae,
732 1677 799 1734 item
811 1683 924 1749 'myrtus
943 1673 1047 1732 eodem
1063 1673 1132 1734 loco

139 1760 315 1836 conspicuae
330 1758 540 1834 magnitudinis.
576 1758 676 1817 subest
699 1775 806 1836 specus
828 1759 856 1816 in
879 1773 936 1835 quo
956 1757 1047 1816 manis
1068 1759 1132 1816 eius

93 1848 146 1902 235
159 1841 305 1900 custodire
320 1840 407 1899 draco
419 1840 548 1899 traditur.
573 1839 683 1901 Romae
695 1859 766 1900 vero
779 1841 856 1900 lotos
868 1844 898 1900 in
912 1839 1036 1900 Lucinae
1050 1857 1131 1915 area,

107 1959 109 1962 -
138 1941 212 1983 anno
229 1925 277 2000 qui
293 1923 345 1982 luit
366 1923 655 2000 sinemagistratibus
671 1936 854 1984 cccuxxlx.
879 1924 958 1983 urbis
973 1923 1047 1984 aede
1063 1940 1167 1983 con-no

138 2005 214 2081 dita,
244 2008 382 2066 incertum
408 2009 470 2085 ipsa
490 2016 596 2085 quanto
623 2009 776 2068 vetustior.
819 2026 886 2068 esse
911 2006 1026 2086 quidem
1049 2016 1131 2066 vetu-

137 2090 257 2148 stiorem
271 2107 327 2150 non
342 2100 387 2151 est
401 2090 531 2165 dubium,
552 2110 615 2150 curn
634 2091 671 2152 ab
695 2109 731 2151 eo
753 2093 820 2152 luco
834 2091 940 2151 Lucina
960 2092 1130 2150 nominetur.

137 2172 211 2231 baec
228 2191 302 2233 nunc
320 2176 437 2234 circiter
451 2192 552 2236 annum
569 2188 685 2236 ccccm.
702 2176 799 2236 babet.
829 2175 972 2253 antiquior
992 2183 1054 2250 est,
1079 2172 1131 2234 sed

137 2257 247 2315 incerta
264 2259 326 2317 eius
341 2269 432 2338 aetas,
449 2276 523 2336 quae
542 2260 676 2336 capillata
693 2261 806 2336 dicitur,
822 2260 956 2339 quoniam
970 2257 1131 2318 Vestalium

138 2341 278 2417 virginum
294 2342 416 2418 capillus
430 2342 464 2402 ad
480 2359 543 2400 eam
559 2342 698 2401 defertur.
1139 2359 1165 2399 rs
1205 2350 1207 2354 “

93 2432 146 2486 236
211 2423 293 2504 (86.)
315 2425 423 2485 Verum
442 2425 534 2484 altera
554 2425 632 2484 lotos
655 2426 683 2483 in
702 2425 869 2501 volcanali,
896 2425 973 2503 quod
989 2425 1130 2485 Romulus

138 2509 285 2566 constituit
300 2527 337 2567 ex
353 2510 475 2570 victoria
491 2509 527 2567 de
544 2508 683 2583 decumis,
697 2525 847 2586 aequaeva
862 2508 926 2567 urbi
939 2508 1129 2585 intellegitur,

137 2598 167 2647 ut
190 2599 292 2649 auctor
310 2602 356 2651 est
374 2593 524 2652 Masurius.
555 2593 669 2652 radices
690 2591 752 2650 eius
773 2593 801 2649 in
822 2590 915 2650 lorum
939 2609 1031 2669 usque
1055 2587 1129 2651 Gae-

137 2673 211 2731 saris
236 2691 290 2749 per
317 2677 455 2734 stationes
481 2676 697 2752 municipiorum
722 2684 884 2753 penetrant.
924 2675 976 2734 luit
1002 2692 1066 2733 cnm
1095 2691 1130 2733 ea

137 2773 295 2833 cupressus
310 2757 439 2832 aequalis
456 2758 533 2815 circa
548 2774 681 2834 suprema
695 2756 821 2817 Neronis
837 2758 975 2836 principis
990 2757 1130 2835 prolapsa
1140 2772 1166 2813 ao

137 2848 222 2916 atque
238 2839 384 2915 neglecta.

93 2930 145 2984 237
210 2921 294 2999 (87.)
324 2921 472 2981 Vetustior
497 2931 591 2981 autem
618 2923 688 2982 urbe
713 2925 743 2982 in
767 2924 908 2984 Vaticano
933 2925 994 2984 ilex
1018 2925 1046 2982 in
1073 2941 1130 3001 qua

136 3004 234 3064 titulus
255 3007 350 3066 aereis
372 3005 474 3065 litteris
500 3004 632 3064 Etruscis
657 3007 800 3084 religione
828 3007 961 3068 arborem
990 3009 1045 3068 iam
1071 3015 1130 3066 tum

137 3087 251 3162 dignam
274 3091 365 3149 fuisse
386 3090 538 3165 siguificat.
583 3089 716 3150 Tiburtes
741 3109 857 3170 quoqne
879 3093 1019 3169 originem
1038 3090 1129 3149 multo

136 3179 202 3228 ante
214 3172 313 3231 urbem
325 3172 444 3231 Romam
455 3173 570 3232 babent.
598 3174 672 3252 apud
685 3192 737 3234 eos
750 3185 864 3236 exstant
876 3175 960 3234 ilices
971 3184 1031 3233 tres
1045 3175 1165 3234 etiamar

137 3253 262 3314 'liburno
279 3256 428 3316 conditore
444 3273 543 3316 eorum
557 3260 747 3333 vetustiores,
764 3259 840 3337 apud
857 3276 928 3337 quas
943 3259 1130 3333 inauguratus

134 3338 263 3398 traditur.
289 3340 379 3399 luisse
394 3349 488 3400 autem
504 3359 568 3400 eum
582 3342 693 3402 tradunt
711 3342 797 3402 lilium
813 3342 978 3420 Amphiarai
990 3342 1038 3419 qui
1053 3340 1130 3419 apud

135 3421 252 3483 'lhebas
267 3423 369 3483 obierit
384 3442 439 3484 una
458 3433 552 3485 aetate
568 3434 634 3485 ante
650 3424 766 3486 Iliacum
782 3425 901 3487 bellurn.
