2422 3840
288 205 368 252 nnn.
385 203 477 250 nrsr.
494 189 878 268 xV1111.r—³.(1o-15.)
1041 191 1097 252 rot

157 358 240 438 (ll.)
263 358 300 418 Et
316 359 479 436 quoniama
495 355 642 416 miraculis
655 374 750 416 rerum
766 357 927 435 coepimus,
943 375 1096 437 sequemur
1107 369 1142 422 33

94 460 194 504 eorum
209 442 349 519 ordinem,
365 442 394 499 in
412 439 515 519 quibus
529 439 577 498 vel
590 457 755 500 maxumum
770 449 817 500 est
831 440 938 520 aliquid
959 443 1040 501 nasci
1064 459 1099 510 ac

92 528 193 586 vivere
207 527 269 586 sine
283 525 341 586 ulla
355 524 462 585 radice.
496 521 611 583 'iubera
628 533 785 601 vocentur,
807 524 931 603 undique
950 532 1028 585 terra
1045 527 1099 596 cir·

94 610 240 687 cumdata,
267 608 353 669 nullis
374 608 454 669 libris
475 607 542 668 nixa
574 617 621 667 aut
650 606 753 668 saltem
781 608 1005 686 capillamentis,
1043 627 1099 668 nec

21 736 28 742 -
71 695 192 773 uotique
204 693 393 753 extuberante
405 691 475 751 loco
487 692 516 750 in
527 708 584 769 quo
602 692 759 768 gignuntur
776 699 823 751 aut
838 693 924 753 rimas
944 693 1097 752 sentiente.

37 816 44 824 ι
94 795 189 856 nequa
204 779 268 856 ipsa
290 785 386 835 terrae
410 774 587 850 cohaerent,
610 777 720 835 cortice
742 775 827 834 etiam
849 773 1046 850 includuntur,
1070 783 1099 835 ut

95 861 180 942 plana
195 879 251 920 nec
269 870 374 920 terram
390 877 458 919 esse
475 859 621 938 possimus
637 858 736 919 dicere
750 876 806 918 nec
821 857 896 919 aliud
908 874 991 935 quam
1003 867 1099 918 terrae

95 945 208 1006 callum.
239 943 333 1003 Siccis
356 943 430 1003 haec
455 942 520 1002 iere
548 952 577 1002 et
603 941 749 1004 sabulosis
777 941 850 1002 locis
873 942 1143 1020 frutectosisquebl

94 1037 256 1088 nascuntur.
288 1026 433 1087 excedunt
447 1044 539 1106 saepe
556 1025 780 1104 magnitudinem
793 1026 860 1086 mali
871 1027 997 1101 cotonei,
1015 1027 1099 1086 etiam

59 1131 85 1172 ro
95 1111 189 1172 librali
208 1110 346 1190 pondere.
378 1110 434 1171 duo
454 1127 554 1170 eorum
568 1128 695 1188 genera,
709 1110 851 1171 harenosa
862 1108 995 1170 dontibus
1008 1110 1096 1169 iuimi-

95 1213 130 1256 ca
147 1195 281 1256 etaltera
303 1196 426 1255 sincera.
466 1193 657 1271 distinguntur
677 1203 707 1255 ot
726 1194 847 1272 colore,
869 1193 933 1254 rulo
953 1195 1097 1272 nigroque
1123 1248 1126 1255 .

94 1289 122 1340 et
134 1281 209 1339 intus
222 1278 355 1354 candido,
368 1277 560 1338 laudatissima
572 1278 700 1338 Africae.
720 1277 862 1340 (inescant
873 1296 948 1338 anne
959 1279 1058 1338 vitium
1069 1277 1098 1337 id

93 1373 190 1423 terrae
204 1397 245 1406 -
256 1380 351 1440 neque
364 1363 437 1421 enim
450 1361 525 1421 aliud
536 1360 667 1438 intellegi
679 1371 827 1440 potest-
841 1381 875 1423 ea
887 1363 1018 1440 protinus
1032 1362 1096 1439 glo·

94 1447 179 1507 betur
188 1445 381 1520 magnitudine
390 1462 445 1522 qua
456 1445 579 1504 futurum
591 1453 646 1523 est,
655 1454 684 1505 et
695 1448 792 1505 vivant
803 1464 837 1505 an
849 1463 917 1521 non,
930 1447 998 1506 haut
1009 1447 1097 1506 facile

60 1547 86 1588 ιι
96 1529 221 1590 arbitror
235 1528 367 1605 intellegi
383 1545 483 1606 posse.
511 1529 695 1607 putrescendi
712 1530 787 1589 enim
798 1531 871 1590 ratio
884 1532 1040 1589 communis
1052 1538 1098 1588 est

95 1615 130 1671 iis
147 1630 210 1671 cum
227 1611 318 1688 ligno.
352 1611 447 1671 Lartio
462 1611 571 1671 Licinio
589 1615 736 1691 praetorio
752 1613 815 1673 viro
836 1615 898 1673 iura
918 1611 1048 1672 reddenti
1070 1615 1139 1675 in35

95 1695 233 1774 Hispania
249 1693 424 1772 Carthagine
447 1697 547 1773 paucis
566 1695 611 1756 his
626 1699 707 1758 annis
728 1698 834 1757 scimus
854 1695 997 1757 accidisse
1022 1714 1096 1758 mor·

95 1779 173 1839 denti
204 1778 289 1839 tuber
318 1787 347 1838 ut
376 1777 575 1857 deprehensns
607 1781 682 1840 intus
712 1781 847 1842 denarius
873 1781 980 1861 primos
1003 1780 1097 1842 dentis

94 1863 266 1940 inflecteret,
283 1879 339 1940 quo
356 1862 535 1923 manifestum
551 1865 605 1923 erit
620 1872 716 1925 terrae
731 1874 859 1926 naturam
876 1867 905 1924 in
920 1883 952 1924 se
971 1865 1096 1942 globari.

59 1947 171 2026 eoquod
198 1955 307 2008 certum
326 1954 390 2022 est,
407 1965 445 2006 err
462 1945 506 2006 his
525 1956 607 2007 erunt
627 1965 702 2026 quae
722 1958 876 2009 nascantur
902 1958 931 2008 et
958 1951 1016 2007 seri
1040 1967 1097 2008 non

117 2032 217 2091 ossint.

93 2051 113 2155 -p
157 2114 186 2175 3.
209 2104 294 2194 (12.)
318 2114 418 2173 Simile
433 2123 479 2174 est
495 2123 524 2172 ct
543 2114 619 2192 qnod
640 2115 671 2173 in
689 2113 849 2190 Cyrenaica
873 2117 1023 2194 provincia
1042 2127 1139 2182 ιιι-36

96 2205 163 2256 cant
177 2200 260 2272 misy,
274 2199 461 2275 praecipuum
476 2200 616 2256 suavitate
627 2195 724 2257 odoris
739 2216 774 2258 ac
786 2199 910 2276 saporis,
929 2199 981 2259 sed
995 2218 1097 2259 cerno·

36 2276 40 2283 ’
96 2282 166 2357 eius,
183 2289 212 2340 et
228 2279 305 2359 quod
319 2282 347 2340 in
365 2280 489 2340 Threcia
507 2280 566 2338 iton
583 2289 612 2338 et
628 2280 705 2358 quod
719 2282 747 2339 in
763 2279 886 2342 Graecia
902 2285 1051 2358 geranion.

60 2381 87 2422 rs
159 2364 243 2443 (13.)
265 2364 309 2424 De
322 2364 469 2424 tuberibus
482 2362 557 2422 haec
570 2362 718 2423 traduntur
737 2364 935 2443 peculiariter:
957 2383 1020 2424 cum
1035 2366 1096 2426 iue·
1104 2377 1138 2432 37

95 2451 150 2509 rint
164 2447 271 2509 imbres
285 2448 463 2509 autumnales
479 2465 513 2507 ac
528 2449 651 2508 tonitrua
666 2448 784 2524 crebra,
804 2457 871 2507 tunc
894 2451 974 2508 nasci
996 2459 1026 2509 et
1038 2468 1096 2511 ma·

95 2551 180 2593 xume
196 2550 214 2591 e
228 2532 396 2608 tonitribus,
413 2550 468 2592 nec
482 2530 554 2590 ultra
573 2549 675 2590 annum
693 2531 812 2607 durare,
834 2534 986 2594 tenerrima
1003 2543 1096 2594 autem

96 2634 186 2676 verno
208 2634 284 2675 esse.
316 2615 482 2694 quibusdam
503 2615 577 2673 locis
599 2625 720 2693 accepta
741 2616 833 2691 riguis
854 2616 999 2694 feruntur,
1022 2619 1096 2677 sicut

95 2699 240 2773 Mytilenis
255 2709 361 2776 negant
376 2701 456 2758 nasci
471 2699 525 2757 nisi
542 2697 734 2759 exundatione
753 2700 896 2760 fluminum
918 2702 1033 2761 inrecto
1050 2720 1095 2761 se·

59 2784 170 2842 nomine
185 2781 221 2841 ab
235 2781 336 2842 l'iaris.
364 2791 409 2842 est
429 2791 523 2842 autem
544 2781 569 2840 is
588 2781 672 2847 locus
693 2784 721 2843 in
743 2801 800 2862 qno
822 2784 951 2862 pluruma
974 2803 1094 2844 nascun-

95 2876 149 2930 tur.
183 2865 272 2924 lisiae
286 2865 461 2926 nobilissima
483 2868 560 2927 circa
574 2866 761 2946 Lampsacum
777 2876 807 2927 et
826 2866 1093 2946 Alopeconnesum,

95 2949 235 3010 Graeciae
252 2966 323 3008 vero
339 2951 415 3010 circa
432 2949 515 3009 Elim.

156 3032 239 3112 (14.)
262 3032 333 3092 Sunt
349 3042 377 3092 et
392 3033 420 3092 in
434 3033 586 3110 fungorum
601 3052 711 3110 genere
729 3034 850 3096 Graecis
870 3034 937 3094 dicti
962 3034 1092 3114 pezicae,
1103 3045 1139 3099 38

96 3119 142 3195 qui
159 3117 220 3176 sine
235 3115 334 3177 radice
350 3125 396 3176 aut
412 3115 547 3196 pediculo
561 3127 725 3178 nascuntur.

60 3221 85 3262 cs
161 3201 246 3280 (15.)
269 3199 315 3260 Ab
331 3201 375 3260 his
396 3216 564 3278 proxumum
586 3200 697 3261 dicetur
717 3203 887 3264 auctoritate
908 3203 1095 3264 clarissimum

94 3284 288 3363 laserpicium,
304 3284 381 3362 quod
397 3283 500 3344 Graeci
519 3283 646 3361 silphion
661 3295 782 3362 vocant,
800 3287 829 3345 in
846 3285 1007 3362 Cyrenaica
1028 3304 1094 3365 pro·

95 3367 187 3426 vincia
202 3377 356 3448 repertum,
373 3369 452 3427 cuius
468 3384 566 3427 sucum
581 3368 660 3429 laser
674 3378 789 3446 vocant,
804 3371 984 3446 magnificum
999 3370 1027 3428 in
1045 3388 1096 3429 usu

95 3450 365 3530 medicamentisque
381 3450 456 3511 etad
470 3449 581 3529 pondus
592 3453 723 3528 argentei
736 3453 837 3513 denari
847 3453 1155 3529 repensurumm-ee

137 3554 204 3592 nuru.
220 3555 280 3593 rur.
297 3556 365 3594 msr.
381 3540 426 3595 lll.
913 3535 962 3590 hh
