<?xml version="1.0" encoding="UTF-8"?>
<!DOCTYPE html PUBLIC "-//W3C//DTD XHTML 1.0 Transitional//EN"
    "http://www.w3.org/TR/xhtml1/DTD/xhtml1-transitional.dtd">
<html xmlns="http://www.w3.org/1999/xhtml" xml:lang="en" lang="en">
 <head>
  <title>
</title>
<meta http-equiv="Content-Type" content="text/html;charset=utf-8" />
  <meta name='ocr-system' content='tesseract 3.04.00' />
  <meta name='ocr-capabilities' content='ocr_page ocr_carea ocr_par ocr_line ocrx_word'/>
</head>
<body>
  <div class='ocr_page' id='page_1' title='image "./cplinisecundina04plingoog_0098.png"; bbox 0 0 2422 3840; ppageno 0'>
   <div class='ocr_carea' id='block_1_1' title="bbox 358 183 1105 262">
    <p class='ocr_par' dir='ltr' id='par_1_1' title="bbox 358 183 1105 262">
     <span class='ocr_line' id='line_1_1' title="bbox 358 183 1105 262; baseline 0 -18"><span class='ocrx_word' id='word_1_1' title='bbox 358 198 438 244; x_wconf 82' lang='lat' dir='ltr'><strong>nnn.</strong></span> <span class='ocrx_word' id='word_1_2' title='bbox 460 197 551 244; x_wconf 79' lang='lat' dir='ltr'><strong>uisa.</strong></span> <span class='ocrx_word' id='word_1_3' title='bbox 570 196 642 243; x_wconf 83' lang='lat' dir='ltr'><strong>xvr.</strong></span> <span class='ocrx_word' id='word_1_4' title='bbox 656 192 701 246; x_wconf 83' lang='lat'><strong>40.</strong></span> <span class='ocrx_word' id='word_1_5' title='bbox 720 184 872 262; x_wconf 76' lang='lat' dir='ltr'><strong>(la—79.)</strong></span> <span class='ocrx_word' id='word_1_6' title='bbox 1065 183 1105 244; x_wconf 82' lang='grc'><strong>39</strong></span> 
     </span>
    </p>
   </div>
   <div class='ocr_carea' id='block_1_2' title="bbox 88 349 1147 928">
    <p class='ocr_par' dir='ltr' id='par_1_2' title="bbox 88 349 1147 928">
     <span class='ocr_line' id='line_1_2' title="bbox 109 349 1105 429; baseline -0.002 -20"><span class='ocrx_word' id='word_1_7' title='bbox 109 352 205 426; x_wconf 90' lang='lat' dir='ltr'><strong>gentis</strong></span> <span class='ocrx_word' id='word_1_8' title='bbox 221 353 300 410; x_wconf 92' lang='lat' dir='ltr'><strong>annis</strong></span> <span class='ocrx_word' id='word_1_9' title='bbox 316 361 464 429; x_wconf 89' lang='lat' dir='ltr'><strong>peractum</strong></span> <span class='ocrx_word' id='word_1_10' title='bbox 483 351 535 425; x_wconf 88' lang='lat' dir='ltr'><strong>sit,</strong></span> <span class='ocrx_word' id='word_1_11' title='bbox 559 350 693 409; x_wconf 91' lang='lat' dir='ltr'><strong>convenit</strong></span> <span class='ocrx_word' id='word_1_12' title='bbox 715 357 822 408; x_wconf 92' lang='lat' dir='ltr'><strong>tectum</strong></span> <span class='ocrx_word' id='word_1_13' title='bbox 845 349 907 406; x_wconf 88' lang='lat' dir='ltr'><strong>eius</strong></span> <span class='ocrx_word' id='word_1_14' title='bbox 932 365 1000 406; x_wconf 85' lang='lat' dir='ltr'><strong>esse</strong></span> <span class='ocrx_word' id='word_1_15' title='bbox 1021 366 1038 406; x_wconf 92' lang='lat' dir='ltr'><strong>e</strong></span> <span class='ocrx_word' id='word_1_16' title='bbox 1057 367 1105 407; x_wconf 89' lang='lat' dir='ltr'><strong>ce·</strong></span> 
     </span>
     <span class='ocr_line' id='line_1_3' title="bbox 111 432 1106 511; baseline 0 -20"><span class='ocrx_word' id='word_1_17' title='bbox 111 433 199 492; x_wconf 88' lang='lat' dir='ltr'><strong>drinis</strong></span> <span class='ocrx_word' id='word_1_18' title='bbox 214 433 353 493; x_wconf 81' lang='lat' dir='ltr'>trabibus.</span> <span class='ocrx_word' id='word_1_19' title='bbox 380 434 417 494; x_wconf 92' lang='lat' dir='ltr'><strong>de</strong></span> <span class='ocrx_word' id='word_1_20' title='bbox 435 434 588 493; x_wconf 88' lang='lat' dir='ltr'><strong>simulacro</strong></span> <span class='ocrx_word' id='word_1_21' title='bbox 605 435 670 511; x_wconf 93' lang='lat' dir='ltr'><strong>ipso</strong></span> <span class='ocrx_word' id='word_1_22' title='bbox 686 433 759 492; x_wconf 91' lang='lat' dir='ltr'><strong>deae</strong></span> <span class='ocrx_word' id='word_1_23' title='bbox 777 432 938 507; x_wconf 80' lang='lat' dir='ltr'>ambigitur.</span> <span class='ocrx_word' id='word_1_24' title='bbox 962 433 1053 491; x_wconf 89' lang='lat' dir='ltr'><strong>ceteri</strong></span> <span class='ocrx_word' id='word_1_25' title='bbox 1068 450 1106 491; x_wconf 88' lang='lat' dir='ltr'><strong>ex</strong></span> 
     </span>
     <span class='ocr_line' id='line_1_4' title="bbox 109 515 1105 592; baseline 0 -18"><span class='ocrx_word' id='word_1_26' title='bbox 109 515 224 575; x_wconf 83' lang='lat' dir='ltr'>hebeno</span> <span class='ocrx_word' id='word_1_27' title='bbox 235 535 301 576; x_wconf 90' lang='lat' dir='ltr'><strong>esse</strong></span> <span class='ocrx_word' id='word_1_28' title='bbox 318 518 442 592; x_wconf 78' lang='lat' dir='ltr'><strong>tradunt,</strong></span> <span class='ocrx_word' id='word_1_29' title='bbox 450 516 598 576; x_wconf 83' lang='lat' dir='ltr'><strong>Mucianus</strong></span> <span class='ocrx_word' id='word_1_30' title='bbox 613 525 659 575; x_wconf 88' lang='lat' dir='ltr'><strong>ter</strong></span> <span class='ocrx_word' id='word_1_31' title='bbox 677 515 778 575; x_wconf 91' lang='lat' dir='ltr'><strong>consul</strong></span> <span class='ocrx_word' id='word_1_32' title='bbox 794 533 831 574; x_wconf 90' lang='lat' dir='ltr'><strong>ex</strong></span> <span class='ocrx_word' id='word_1_33' title='bbox 847 515 891 574; x_wconf 89' lang='lat' dir='ltr'><strong>bis</strong></span> <span class='ocrx_word' id='word_1_34' title='bbox 903 516 951 592; x_wconf 92' lang='lat' dir='ltr'><strong>qni</strong></span> <span class='ocrx_word' id='word_1_35' title='bbox 964 532 1105 592; x_wconf 84' lang='lat' dir='ltr'>proxume</span> 
     </span>
     <span class='ocr_line' id='line_1_5' title="bbox 110 599 1105 678; baseline 0.001 -21"><span class='ocrx_word' id='word_1_36' title='bbox 110 599 173 657; x_wconf 89' lang='lat' dir='ltr'><strong>viso</strong></span> <span class='ocrx_word' id='word_1_37' title='bbox 196 617 232 659; x_wconf 92' lang='lat' dir='ltr'><strong>eo</strong></span> <span class='ocrx_word' id='word_1_38' title='bbox 249 603 395 678; x_wconf 81' lang='lat' dir='ltr'><strong>scripsere</strong></span> <span class='ocrx_word' id='word_1_39' title='bbox 418 601 584 676; x_wconf 79' lang='lat' dir='ltr'><strong>vitigineum</strong></span> <span class='ocrx_word' id='word_1_40' title='bbox 606 608 635 658; x_wconf 93' lang='lat' dir='ltr'><strong>et</strong></span> <span class='ocrx_word' id='word_1_41' title='bbox 651 616 803 677; x_wconf 87' lang='lat' dir='ltr'><strong>numquam</strong></span> <span class='ocrx_word' id='word_1_42' title='bbox 817 607 952 657; x_wconf 90' lang='lat' dir='ltr'><strong>mutatum</strong></span> <span class='ocrx_word' id='word_1_43' title='bbox 973 599 1105 676; x_wconf 79' lang='lat' dir='ltr'><strong>septiens</strong></span> 
     </span>
     <span class='ocr_line' id='line_1_6' title="bbox 88 680 1147 761; baseline 0.006 -23"><span class='ocrx_word' id='word_1_44' title='bbox 88 683 240 742; x_wconf 79' lang='lat' dir='ltr'><strong>crestitnto</strong></span> <span class='ocrx_word' id='word_1_45' title='bbox 258 683 379 761; x_wconf 87' lang='lat' dir='ltr'><strong>templo.</strong></span> <span class='ocrx_word' id='word_1_46' title='bbox 407 683 481 743; x_wconf 91' lang='lat' dir='ltr'><strong>banc</strong></span> <span class='ocrx_word' id='word_1_47' title='bbox 502 684 650 742; x_wconf 91' lang='lat' dir='ltr'><strong>materiam</strong></span> <span class='ocrx_word' id='word_1_48' title='bbox 672 683 801 758; x_wconf 82' lang='lat' dir='ltr'><strong>elegisse</strong></span> <span class='ocrx_word' id='word_1_49' title='bbox 821 680 974 756; x_wconf 78' lang='lat' dir='ltr'><strong>llndoeon⁷</strong></span> <span class='ocrx_word' id='word_1_50' title='bbox 997 682 1147 744; x_wconf 70' lang='lat' dir='ltr'><strong>etiamall</strong></span> 
     </span>
     <span class='ocr_line' id='line_1_7' title="bbox 109 765 1105 844; baseline 0.001 -20"><span class='ocrx_word' id='word_1_51' title='bbox 109 782 212 825; x_wconf 90' lang='lat' dir='ltr'><strong>nomen</strong></span> <span class='ocrx_word' id='word_1_52' title='bbox 235 766 354 825; x_wconf 83' lang='lat' dir='ltr'><strong>artificis</strong></span> <span class='ocrx_word' id='word_1_53' title='bbox 372 783 556 844; x_wconf 85' lang='lat' dir='ltr'><strong>nuncupans,</strong></span> <span class='ocrx_word' id='word_1_54' title='bbox 581 765 658 843; x_wconf 91' lang='lat' dir='ltr'><strong>qnod</strong></span> <span class='ocrx_word' id='word_1_55' title='bbox 673 766 806 843; x_wconf 90' lang='lat' dir='ltr'><strong>equidem</strong></span> <span class='ocrx_word' id='word_1_56' title='bbox 824 765 929 840; x_wconf 78' lang='lat' dir='ltr'><strong>miror,</strong></span> <span class='ocrx_word' id='word_1_57' title='bbox 953 783 1017 824; x_wconf 95' lang='lat' dir='ltr'><strong>cum</strong></span> <span class='ocrx_word' id='word_1_58' title='bbox 1035 767 1105 825; x_wconf 91' lang='lat' dir='ltr'><strong>anti·</strong></span> 
     </span>
     <span class='ocr_line' id='line_1_8' title="bbox 109 846 1104 928; baseline 0.002 -22"><span class='ocrx_word' id='word_1_59' title='bbox 109 850 239 928; x_wconf 87' lang='lat' dir='ltr'><strong>quiorem</strong></span> <span class='ocrx_word' id='word_1_60' title='bbox 254 848 521 928; x_wconf 65' lang='lat' dir='ltr'><strong>Minervamque,</strong></span> <span class='ocrx_word' id='word_1_61' title='bbox 537 867 594 909; x_wconf 91' lang='lat' dir='ltr'><strong>non</strong></span> <span class='ocrx_word' id='word_1_62' title='bbox 608 849 694 909; x_wconf 92' lang='lat' dir='ltr'><strong>modo</strong></span> <span class='ocrx_word' id='word_1_63' title='bbox 706 846 811 907; x_wconf 87' lang='lat' dir='ltr'><strong>Libero</strong></span> <span class='ocrx_word' id='word_1_64' title='bbox 826 857 920 925; x_wconf 84' lang='lat' dir='ltr'><strong>patre,</strong></span> <span class='ocrx_word' id='word_1_65' title='bbox 934 856 1104 908; x_wconf 88' lang='lat' dir='ltr'><strong>vetustatem</strong></span> 
     </span>
    </p>
   </div>
   <div class='ocr_carea' id='block_1_3' title="bbox 56 931 1205 3511">
    <p class='ocr_par' dir='ltr' id='par_1_3' title="bbox 56 931 1205 3511">
     <span class='ocr_line' id='line_1_9' title="bbox 110 931 1104 1007; baseline -0.001 -15"><span class='ocrx_word' id='word_1_66' title='bbox 110 933 138 992; x_wconf 90' lang='lat' dir='ltr'><strong>ei</strong></span> <span class='ocrx_word' id='word_1_67' title='bbox 155 932 297 993; x_wconf 90' lang='lat' dir='ltr'><strong>attribuat.</strong></span> <span class='ocrx_word' id='word_1_68' title='bbox 326 934 414 992; x_wconf 87' lang='lat' dir='ltr'><strong>adicit</strong></span> <span class='ocrx_word' id='word_1_69' title='bbox 430 933 525 992; x_wconf 91' lang='lat' dir='ltr'><strong>multis</strong></span> <span class='ocrx_word' id='word_1_70' title='bbox 537 931 731 1005; x_wconf 78' lang='lat' dir='ltr'><strong>foraminibus,</strong></span> <span class='ocrx_word' id='word_1_71' title='bbox 744 931 833 991; x_wconf 91' lang='lat' dir='ltr'><strong>nardo</strong></span> <span class='ocrx_word' id='word_1_72' title='bbox 850 931 956 1007; x_wconf 81' lang='lat' dir='ltr'><strong>rigari,</strong></span> <span class='ocrx_word' id='word_1_73' title='bbox 970 939 1001 989; x_wconf 93' lang='lat' dir='ltr'><strong>nt</strong></span> <span class='ocrx_word' id='word_1_74' title='bbox 1015 932 1104 991; x_wconf 89' lang='lat' dir='ltr'><strong>medi·</strong></span> 
     </span>
     <span class='ocr_line' id='line_1_10' title="bbox 110 1015 1103 1095; baseline -0.002 -19"><span class='ocrx_word' id='word_1_75' title='bbox 110 1024 190 1076; x_wconf 87' lang='lat' dir='ltr'><strong>cutus</strong></span> <span class='ocrx_word' id='word_1_76' title='bbox 202 1032 284 1075; x_wconf 90' lang='lat' dir='ltr'><strong>umor</strong></span> <span class='ocrx_word' id='word_1_77' title='bbox 295 1016 352 1076; x_wconf 90' lang='lat' dir='ltr'><strong>alat</strong></span> <span class='ocrx_word' id='word_1_78' title='bbox 363 1026 519 1095; x_wconf 88' lang='lat' dir='ltr'><strong>teneatque</strong></span> <span class='ocrx_word' id='word_1_79' title='bbox 531 1017 685 1091; x_wconf 81' lang='lat' dir='ltr'><strong>iuncturas,</strong></span> <span class='ocrx_word' id='word_1_80' title='bbox 697 1033 768 1093; x_wconf 91' lang='lat' dir='ltr'><strong>quas</strong></span> <span class='ocrx_word' id='word_1_81' title='bbox 777 1023 806 1073; x_wconf 91' lang='lat' dir='ltr'><strong>et</strong></span> <span class='ocrx_word' id='word_1_82' title='bbox 818 1016 897 1092; x_wconf 88' lang='lat' dir='ltr'><strong>ipsas</strong></span> <span class='ocrx_word' id='word_1_83' title='bbox 911 1032 978 1074; x_wconf 90' lang='lat' dir='ltr'><strong>esse</strong></span> <span class='ocrx_word' id='word_1_84' title='bbox 987 1015 1103 1074; x_wconf 88' lang='lat' dir='ltr'><strong>modico</strong></span> 
     </span>
     <span class='ocr_line' id='line_1_11' title="bbox 72 1098 1146 1177; baseline 0.004 -21"><span class='ocrx_word' id='word_1_85' title='bbox 72 1115 99 1157; x_wconf 85' lang='lat' dir='ltr'><strong>ro</strong></span> <span class='ocrx_word' id='word_1_86' title='bbox 109 1099 259 1160; x_wconf 88' lang='lat' dir='ltr'><strong>admodum</strong></span> <span class='ocrx_word' id='word_1_87' title='bbox 275 1102 372 1160; x_wconf 85' lang='lat' dir='ltr'><strong>miror.</strong></span> <span class='ocrx_word' id='word_1_88' title='bbox 406 1099 508 1160; x_wconf 85' lang='lat' dir='ltr'><strong>valvas</strong></span> <span class='ocrx_word' id='word_1_89' title='bbox 530 1118 597 1159; x_wconf 88' lang='lat' dir='ltr'><strong>esse</strong></span> <span class='ocrx_word' id='word_1_90' title='bbox 622 1115 798 1177; x_wconf 90' lang='lat' dir='ltr'><strong>ecnpresso</strong></span> <span class='ocrx_word' id='word_1_91' title='bbox 820 1107 850 1157; x_wconf 90' lang='lat' dir='ltr'><strong>et</strong></span> <span class='ocrx_word' id='word_1_92' title='bbox 872 1099 929 1157; x_wconf 93' lang='lat' dir='ltr'><strong>iam</strong></span> <span class='ocrx_word' id='word_1_93' title='bbox 951 1098 1146 1176; x_wconf 76' lang='lat' dir='ltr'><strong>quadam-215</strong></span> 
     </span>
     <span class='ocr_line' id='line_1_12' title="bbox 107 1181 1102 1262; baseline 0 -20"><span class='ocrx_word' id='word_1_94' title='bbox 107 1185 202 1259; x_wconf 89' lang='lat' dir='ltr'><strong>gentis</strong></span> <span class='ocrx_word' id='word_1_95' title='bbox 222 1182 316 1262; x_wconf 84' lang='lat' dir='ltr'><strong>prope</strong></span> <span class='ocrx_word' id='word_1_96' title='bbox 333 1185 413 1244; x_wconf 91' lang='lat' dir='ltr'><strong>annis</strong></span> <span class='ocrx_word' id='word_1_97' title='bbox 435 1183 539 1243; x_wconf 91' lang='lat' dir='ltr'><strong>durare</strong></span> <span class='ocrx_word' id='word_1_98' title='bbox 556 1185 704 1242; x_wconf 91' lang='lat' dir='ltr'><strong>materiem</strong></span> <span class='ocrx_word' id='word_1_99' title='bbox 726 1199 839 1242; x_wconf 90' lang='lat' dir='ltr'><strong>omnem</strong></span> <span class='ocrx_word' id='word_1_100' title='bbox 856 1198 950 1241; x_wconf 93' lang='lat' dir='ltr'><strong>novae</strong></span> <span class='ocrx_word' id='word_1_101' title='bbox 972 1181 1102 1242; x_wconf 90' lang='lat' dir='ltr'><strong>similem.</strong></span> 
     </span>
     <span class='ocr_line' id='line_1_13' title="bbox 106 1266 1104 1346; baseline 0 -21"><span class='ocrx_word' id='word_1_102' title='bbox 106 1266 135 1326; x_wconf 95' lang='lat' dir='ltr'><strong>id</strong></span> <span class='ocrx_word' id='word_1_103' title='bbox 152 1284 269 1346; x_wconf 91' lang='lat' dir='ltr'><strong>qnoque</strong></span> <span class='ocrx_word' id='word_1_104' title='bbox 283 1267 453 1342; x_wconf 86' lang='lat' dir='ltr'><strong>notandum,</strong></span> <span class='ocrx_word' id='word_1_105' title='bbox 471 1267 572 1326; x_wconf 88' lang='lat' dir='ltr'><strong>valvas</strong></span> <span class='ocrx_word' id='word_1_106' title='bbox 588 1267 617 1325; x_wconf 93' lang='lat' dir='ltr'><strong>in</strong></span> <span class='ocrx_word' id='word_1_107' title='bbox 631 1267 748 1344; x_wconf 81' lang='lat' dir='ltr'><strong>glutinis</strong></span> <span class='ocrx_word' id='word_1_108' title='bbox 761 1283 897 1344; x_wconf 88' lang='lat' dir='ltr'><strong>conpage</strong></span> <span class='ocrx_word' id='word_1_109' title='bbox 915 1266 1104 1344; x_wconf 88' lang='lat' dir='ltr'><strong>quadriennio</strong></span> 
     </span>
     <span class='ocr_line' id='line_1_14' title="bbox 107 1349 1103 1429; baseline 0 -21"><span class='ocrx_word' id='word_1_110' title='bbox 107 1349 209 1409; x_wconf 83' lang='lat' dir='ltr'><strong>luisse.</strong></span> <span class='ocrx_word' id='word_1_111' title='bbox 240 1368 396 1429; x_wconf 84' lang='lat' dir='ltr'><strong>cupressus</strong></span> <span class='ocrx_word' id='word_1_112' title='bbox 411 1352 440 1410; x_wconf 90' lang='lat' dir='ltr'><strong>in</strong></span> <span class='ocrx_word' id='word_1_113' title='bbox 457 1367 506 1410; x_wconf 89' lang='lat' dir='ltr'><strong>eas</strong></span> <span class='ocrx_word' id='word_1_114' title='bbox 524 1350 634 1424; x_wconf 88' lang='lat' dir='ltr'><strong>electa,</strong></span> <span class='ocrx_word' id='word_1_115' title='bbox 649 1350 783 1428; x_wconf 91' lang='lat' dir='ltr'><strong>quoniam</strong></span> <span class='ocrx_word' id='word_1_116' title='bbox 797 1358 914 1428; x_wconf 87' lang='lat' dir='ltr'><strong>praeter</strong></span> <span class='ocrx_word' id='word_1_117' title='bbox 933 1358 1032 1408; x_wconf 90' lang='lat' dir='ltr'><strong>cetera</strong></span> <span class='ocrx_word' id='word_1_118' title='bbox 1046 1367 1103 1409; x_wconf 93' lang='lat' dir='ltr'><strong>uno</strong></span> 
     </span>
     <span class='ocr_line' id='line_1_15' title="bbox 106 1431 1148 1510; baseline 0.004 -18"><span class='ocrx_word' id='word_1_119' title='bbox 106 1434 134 1492; x_wconf 91' lang='lat' dir='ltr'><strong>in</strong></span> <span class='ocrx_word' id='word_1_120' title='bbox 149 1451 260 1510; x_wconf 87' lang='lat' dir='ltr'><strong>genere</strong></span> <span class='ocrx_word' id='word_1_121' title='bbox 279 1436 417 1494; x_wconf 90' lang='lat' dir='ltr'><strong>materiae</strong></span> <span class='ocrx_word' id='word_1_122' title='bbox 439 1435 515 1492; x_wconf 89' lang='lat' dir='ltr'><strong>nitor</strong></span> <span class='ocrx_word' id='word_1_123' title='bbox 535 1450 667 1491; x_wconf 85' lang='lat' dir='ltr'><strong>maxume</strong></span> <span class='ocrx_word' id='word_1_124' title='bbox 690 1432 786 1492; x_wconf 89' lang='lat' dir='ltr'><strong>valeat</strong></span> <span class='ocrx_word' id='word_1_125' title='bbox 802 1441 949 1493; x_wconf 90' lang='lat' dir='ltr'><strong>aeternus.</strong></span> <span class='ocrx_word' id='word_1_126' title='bbox 980 1431 1082 1491; x_wconf 90' lang='lat' dir='ltr'><strong>Nonne</strong></span> <span class='ocrx_word' id='word_1_127' title='bbox 1094 1443 1148 1499; x_wconf 72' lang='lat' dir='ltr'><strong>ald</strong></span> 
     </span>
     <span class='ocr_line' id='line_1_16' title="bbox 71 1515 1104 1592; baseline -0.002 -14"><span class='ocrx_word' id='word_1_128' title='bbox 71 1537 98 1578; x_wconf 80' lang='lat' dir='ltr'><strong>ra</strong></span> <span class='ocrx_word' id='word_1_129' title='bbox 110 1516 292 1576; x_wconf 77' lang='lat' dir='ltr'><strong>simulacrum</strong></span> <span class='ocrx_word' id='word_1_130' title='bbox 305 1516 426 1575; x_wconf 80' lang='lat' dir='ltr'><strong>veiovis</strong></span> <span class='ocrx_word' id='word_1_131' title='bbox 441 1518 470 1574; x_wconf 87' lang='lat' dir='ltr'><strong>in</strong></span> <span class='ocrx_word' id='word_1_132' title='bbox 485 1533 554 1574; x_wconf 90' lang='lat' dir='ltr'><strong>arce</strong></span> <span class='ocrx_word' id='word_1_133' title='bbox 572 1533 589 1575; x_wconf 92' lang='lat' dir='ltr'><strong>e</strong></span> <span class='ocrx_word' id='word_1_134' title='bbox 607 1531 748 1592; x_wconf 83' lang='lat' dir='ltr'><strong>cupresso</strong></span> <span class='ocrx_word' id='word_1_135' title='bbox 765 1515 847 1576; x_wconf 90' lang='lat' dir='ltr'><strong>durat</strong></span> <span class='ocrx_word' id='word_1_136' title='bbox 869 1533 886 1574; x_wconf 90' lang='lat' dir='ltr'><strong>a</strong></span> <span class='ocrx_word' id='word_1_137' title='bbox 902 1516 1016 1574; x_wconf 90' lang='lat' dir='ltr'><strong>condita</strong></span> <span class='ocrx_word' id='word_1_138' title='bbox 1031 1515 1104 1576; x_wconf 90' lang='lat' dir='ltr'><strong>urbe</strong></span> 
     </span>
     <span class='ocr_line' id='line_1_17' title="bbox 107 1597 1103 1675; baseline 0 -17"><span class='ocrx_word' id='word_1_139' title='bbox 107 1612 224 1658; x_wconf 80' lang='lat' dir='ltr'><strong>ncnxl.</strong></span> <span class='ocrx_word' id='word_1_140' title='bbox 243 1615 316 1658; x_wconf 91' lang='lat' dir='ltr'><strong>anno</strong></span> <span class='ocrx_word' id='word_1_141' title='bbox 328 1597 473 1658; x_wconf 80' lang='lat' dir='ltr'><strong>dicatum?</strong></span> <span class='ocrx_word' id='word_1_142' title='bbox 499 1597 688 1658; x_wconf 80' lang='lat' dir='ltr'><strong>Memorabile</strong></span> <span class='ocrx_word' id='word_1_143' title='bbox 704 1607 733 1657; x_wconf 88' lang='lat' dir='ltr'><strong>et</strong></span> <span class='ocrx_word' id='word_1_144' title='bbox 743 1597 847 1658; x_wconf 90' lang='lat' dir='ltr'><strong>Uticae</strong></span> <span class='ocrx_word' id='word_1_145' title='bbox 859 1598 995 1675; x_wconf 85' lang='lat' dir='ltr'><strong>templum</strong></span> <span class='ocrx_word' id='word_1_146' title='bbox 1011 1597 1103 1675; x_wconf 79' lang='lat' dir='ltr'><strong>Apol·</strong></span> 
     </span>
     <span class='ocr_line' id='line_1_18' title="bbox 106 1681 1104 1758; baseline -0.001 -16"><span class='ocrx_word' id='word_1_147' title='bbox 106 1683 189 1757; x_wconf 87' lang='lat' dir='ltr'><strong>linis,</strong></span> <span class='ocrx_word' id='word_1_148' title='bbox 206 1682 253 1741; x_wconf 92' lang='lat' dir='ltr'><strong>ubi</strong></span> <span class='ocrx_word' id='word_1_149' title='bbox 269 1682 357 1742; x_wconf 89' lang='lat' dir='ltr'><strong>cedro</strong></span> <span class='ocrx_word' id='word_1_150' title='bbox 372 1681 521 1742; x_wconf 86' lang='lat' dir='ltr'><strong>Numidica</strong></span> <span class='ocrx_word' id='word_1_151' title='bbox 538 1681 637 1742; x_wconf 87' lang='lat' dir='ltr'><strong>trabes</strong></span> <span class='ocrx_word' id='word_1_152' title='bbox 653 1682 772 1756; x_wconf 86' lang='lat' dir='ltr'><strong>durant,</strong></span> <span class='ocrx_word' id='word_1_153' title='bbox 790 1683 828 1740; x_wconf 94' lang='lat' dir='ltr'><strong>ita</strong></span> <span class='ocrx_word' id='word_1_154' title='bbox 843 1690 873 1740; x_wconf 90' lang='lat' dir='ltr'><strong>nt</strong></span> <span class='ocrx_word' id='word_1_155' title='bbox 890 1682 1004 1758; x_wconf 92' lang='lat' dir='ltr'><strong>positae</strong></span> <span class='ocrx_word' id='word_1_156' title='bbox 1020 1683 1104 1742; x_wconf 85' lang='lat' dir='ltr'><strong>inere</strong></span> 
     </span>
     <span class='ocr_line' id='line_1_19' title="bbox 106 1763 1104 1844; baseline -0.001 -18"><span class='ocrx_word' id='word_1_157' title='bbox 106 1768 196 1844; x_wconf 89' lang='lat' dir='ltr'><strong>prima</strong></span> <span class='ocrx_word' id='word_1_158' title='bbox 218 1765 297 1824; x_wconf 91' lang='lat' dir='ltr'><strong>urbis</strong></span> <span class='ocrx_word' id='word_1_159' title='bbox 319 1767 381 1825; x_wconf 90' lang='lat' dir='ltr'><strong>eins</strong></span> <span class='ocrx_word' id='word_1_160' title='bbox 404 1767 516 1843; x_wconf 87' lang='lat' dir='ltr'><strong>origine</strong></span> <span class='ocrx_word' id='word_1_161' title='bbox 536 1768 617 1826; x_wconf 89' lang='lat' dir='ltr'><strong>annis</strong></span> <span class='ocrx_word' id='word_1_162' title='bbox 637 1778 841 1840; x_wconf 74' lang='lat' dir='ltr'><strong>Mcnxxvm,</strong></span> <span class='ocrx_word' id='word_1_163' title='bbox 865 1774 894 1824; x_wconf 88' lang='lat' dir='ltr'><strong>et</strong></span> <span class='ocrx_word' id='word_1_164' title='bbox 918 1766 946 1823; x_wconf 92' lang='lat' dir='ltr'><strong>in</strong></span> <span class='ocrx_word' id='word_1_165' title='bbox 966 1763 1104 1842; x_wconf 87' lang='lat' dir='ltr'><strong>Hispania</strong></span> 
     </span>
     <span class='ocr_line' id='line_1_20' title="bbox 107 1848 1102 1928; baseline 0.001 -19"><span class='ocrx_word' id='word_1_166' title='bbox 107 1850 225 1926; x_wconf 90' lang='lat' dir='ltr'><strong>Sagunti</strong></span> <span class='ocrx_word' id='word_1_167' title='bbox 243 1849 380 1928; x_wconf 89' lang='lat' dir='ltr'><strong>templum</strong></span> <span class='ocrx_word' id='word_1_168' title='bbox 393 1849 504 1909; x_wconf 89' lang='lat' dir='ltr'><strong>Dianae</strong></span> <span class='ocrx_word' id='word_1_169' title='bbox 520 1868 536 1909; x_wconf 92' lang='lat' dir='ltr'><strong>a</strong></span> <span class='ocrx_word' id='word_1_170' title='bbox 549 1849 696 1923; x_wconf 79' lang='lat' dir='ltr'><strong>Zacyntho</strong></span> <span class='ocrx_word' id='word_1_171' title='bbox 709 1849 851 1910; x_wconf 86' lang='lat' dir='ltr'><strong>advectae</strong></span> <span class='ocrx_word' id='word_1_172' title='bbox 867 1867 931 1909; x_wconf 93' lang='lat' dir='ltr'><strong>cnm</strong></span> <span class='ocrx_word' id='word_1_173' title='bbox 948 1848 1102 1910; x_wconf 91' lang='lat' dir='ltr'><strong>conditori·</strong></span> 
     </span>
     <span class='ocr_line' id='line_1_21' title="bbox 69 1932 1103 2008; baseline 0 -17"><span class='ocrx_word' id='word_1_174' title='bbox 69 1932 159 1992; x_wconf 78' lang='lat' dir='ltr'><strong>robus</strong></span> <span class='ocrx_word' id='word_1_175' title='bbox 181 1934 262 1992; x_wconf 92' lang='lat' dir='ltr'><strong>annis</strong></span> <span class='ocrx_word' id='word_1_176' title='bbox 289 1933 419 1993; x_wconf 89' lang='lat' dir='ltr'><strong>ducentis</strong></span> <span class='ocrx_word' id='word_1_177' title='bbox 449 1941 514 1993; x_wconf 91' lang='lat' dir='ltr'><strong>aute</strong></span> <span class='ocrx_word' id='word_1_178' title='bbox 543 1933 685 1992; x_wconf 82' lang='lat' dir='ltr'><strong>excidium</strong></span> <span class='ocrx_word' id='word_1_179' title='bbox 711 1933 831 2008; x_wconf 84' lang='lat' dir='ltr'><strong>Troiae,</strong></span> <span class='ocrx_word' id='word_1_180' title='bbox 866 1942 897 1991; x_wconf 94' lang='lat' dir='ltr'><strong>ut</strong></span> <span class='ocrx_word' id='word_1_181' title='bbox 925 1941 1026 1993; x_wconf 90' lang='lat' dir='ltr'><strong>auctor</strong></span> <span class='ocrx_word' id='word_1_182' title='bbox 1041 1943 1103 1991; x_wconf 91' lang='lat' dir='ltr'><strong>erat</strong></span> 
     </span>
     <span class='ocr_line' id='line_1_22' title="bbox 106 2015 1104 2094; baseline 0.001 -19"><span class='ocrx_word' id='word_1_183' title='bbox 106 2015 256 2092; x_wconf 86' lang='lat' dir='ltr'><strong>Bocchus,</strong></span> <span class='ocrx_word' id='word_1_184' title='bbox 278 2050 321 2062; x_wconf 91' lang='lat'>—</span> <span class='ocrx_word' id='word_1_185' title='bbox 340 2016 413 2076; x_wconf 86' lang='lat' dir='ltr'><strong>inira</strong></span> <span class='ocrx_word' id='word_1_186' title='bbox 438 2017 532 2094; x_wconf 91' lang='lat' dir='ltr'><strong>ipsum</strong></span> <span class='ocrx_word' id='word_1_187' title='bbox 556 2016 692 2093; x_wconf 89' lang='lat' dir='ltr'><strong>oppidum</strong></span> <span class='ocrx_word' id='word_1_188' title='bbox 711 2017 739 2076; x_wconf 95' lang='lat' dir='ltr'><strong>id</strong></span> <span class='ocrx_word' id='word_1_189' title='bbox 765 2016 871 2077; x_wconf 91' lang='lat' dir='ltr'><strong>babent</strong></span> <span class='ocrx_word' id='word_1_190' title='bbox 898 2016 944 2075; x_wconf 93' lang='lat' dir='ltr'><strong>cui</strong></span> <span class='ocrx_word' id='word_1_191' title='bbox 969 2017 1104 2094; x_wconf 88' lang='lat' dir='ltr'><strong>pepercit</strong></span> 
     </span>
     <span class='ocr_line' id='line_1_23' title="bbox 106 2098 1205 2176; baseline -0.001 -17"><span class='ocrx_word' id='word_1_192' title='bbox 106 2099 251 2176; x_wconf 89' lang='lat' dir='ltr'><strong>religione</strong></span> <span class='ocrx_word' id='word_1_193' title='bbox 273 2100 405 2159; x_wconf 89' lang='lat' dir='ltr'><strong>inductus</strong></span> <span class='ocrx_word' id='word_1_194' title='bbox 427 2098 567 2158; x_wconf 86' lang='lat' dir='ltr'><strong>Hannibal</strong></span> <span class='ocrx_word' id='word_1_195' title='bbox 583 2131 636 2174; x_wconf 86' lang='lat'><strong>-,</strong></span> <span class='ocrx_word' id='word_1_196' title='bbox 653 2101 765 2176; x_wconf 90' lang='lat' dir='ltr'><strong>iunipiri</strong></span> <span class='ocrx_word' id='word_1_197' title='bbox 785 2099 916 2160; x_wconf 88' lang='lat' dir='ltr'><strong>trabibus</strong></span> <span class='ocrx_word' id='word_1_198' title='bbox 939 2101 1101 2159; x_wconf 91' lang='lat' dir='ltr'><strong>etiamnunc</strong></span> <span class='ocrx_word' id='word_1_199' title='bbox 1202 2153 1205 2158; x_wconf 90' lang='lat'><em>.</em></span> 
     </span>
     <span class='ocr_line' id='line_1_24' title="bbox 106 2181 1144 2259; baseline 0.004 -18"><span class='ocrx_word' id='word_1_200' title='bbox 106 2182 281 2241; x_wconf 89' lang='lat' dir='ltr'><strong>durantibus.</strong></span> <span class='ocrx_word' id='word_1_201' title='bbox 315 2199 404 2259; x_wconf 92' lang='lat' dir='ltr'><strong>super</strong></span> <span class='ocrx_word' id='word_1_202' title='bbox 425 2182 519 2240; x_wconf 92' lang='lat' dir='ltr'><strong>omnia</strong></span> <span class='ocrx_word' id='word_1_203' title='bbox 539 2191 713 2241; x_wconf 89' lang='lat' dir='ltr'><strong>memoratur</strong></span> <span class='ocrx_word' id='word_1_204' title='bbox 730 2182 810 2242; x_wconf 90' lang='lat' dir='ltr'><strong>aedis</strong></span> <span class='ocrx_word' id='word_1_205' title='bbox 829 2181 935 2242; x_wconf 79' lang='lat' dir='ltr'><strong>Aulide</strong></span> <span class='ocrx_word' id='word_1_206' title='bbox 952 2183 1080 2242; x_wconf 88' lang='lat' dir='ltr'><strong>eiusdem</strong></span> <span class='ocrx_word' id='word_1_207' title='bbox 1092 2191 1144 2245; x_wconf 70' lang='lat' dir='ltr'><strong>all</strong></span> 
     </span>
     <span class='ocr_line' id='line_1_25' title="bbox 107 2262 1101 2343; baseline 0 -19"><span class='ocrx_word' id='word_1_208' title='bbox 107 2265 180 2325; x_wconf 90' lang='lat' dir='ltr'><strong>deae</strong></span> <span class='ocrx_word' id='word_1_209' title='bbox 208 2264 335 2324; x_wconf 89' lang='lat' dir='ltr'><strong>saeculis</strong></span> <span class='ocrx_word' id='word_1_210' title='bbox 357 2273 423 2325; x_wconf 89' lang='lat' dir='ltr'><strong>ante</strong></span> <span class='ocrx_word' id='word_1_211' title='bbox 443 2263 596 2323; x_wconf 83' lang='lat' dir='ltr'><strong>Troianum</strong></span> <span class='ocrx_word' id='word_1_212' title='bbox 615 2262 723 2323; x_wconf 90' lang='lat' dir='ltr'><strong>bellum</strong></span> <span class='ocrx_word' id='word_1_213' title='bbox 747 2265 954 2339; x_wconf 85' lang='lat' dir='ltr'><strong>exaedificata,</strong></span> <span class='ocrx_word' id='word_1_214' title='bbox 979 2283 1101 2343; x_wconf 91' lang='lat' dir='ltr'><strong>quonam</strong></span> 
     </span>
     <span class='ocr_line' id='line_1_26' title="bbox 69 2347 1101 2425; baseline 0 -19"><span class='ocrx_word' id='word_1_215' title='bbox 69 2366 97 2407; x_wconf 81' lang='lat' dir='ltr'><strong>aa</strong></span> <span class='ocrx_word' id='word_1_216' title='bbox 106 2366 216 2425; x_wconf 86' lang='lat' dir='ltr'><strong>genere</strong></span> <span class='ocrx_word' id='word_1_217' title='bbox 237 2349 376 2409; x_wconf 88' lang='lat' dir='ltr'><strong>materiae</strong></span> <span class='ocrx_word' id='word_1_218' title='bbox 397 2349 519 2408; x_wconf 88' lang='lat' dir='ltr'><strong>seientia</strong></span> <span class='ocrx_word' id='word_1_219' title='bbox 538 2347 713 2407; x_wconf 88' lang='lat' dir='ltr'><strong>oblitterata.</strong></span> <span class='ocrx_word' id='word_1_220' title='bbox 743 2349 771 2405; x_wconf 91' lang='lat' dir='ltr'><strong>in</strong></span> <span class='ocrx_word' id='word_1_221' title='bbox 790 2348 906 2424; x_wconf 91' lang='lat' dir='ltr'><strong>plenum</strong></span> <span class='ocrx_word' id='word_1_222' title='bbox 925 2348 981 2407; x_wconf 89' lang='lat' dir='ltr'><strong>dici</strong></span> <span class='ocrx_word' id='word_1_223' title='bbox 1003 2357 1101 2424; x_wconf 89' lang='lat' dir='ltr'><strong>potest</strong></span> 
     </span>
     <span class='ocr_line' id='line_1_27' title="bbox 105 2431 1099 2512; baseline -0.003 -22"><span class='ocrx_word' id='word_1_224' title='bbox 105 2434 204 2511; x_wconf 89' lang='lat' dir='ltr'><strong>ntique</strong></span> <span class='ocrx_word' id='word_1_225' title='bbox 220 2450 293 2512; x_wconf 91' lang='lat' dir='ltr'><strong>qnae</strong></span> <span class='ocrx_word' id='word_1_226' title='bbox 312 2433 404 2493; x_wconf 90' lang='lat' dir='ltr'><strong>odore</strong></span> <span class='ocrx_word' id='word_1_227' title='bbox 422 2432 604 2510; x_wconf 90' lang='lat' dir='ltr'><strong>praecellant</strong></span> <span class='ocrx_word' id='word_1_228' title='bbox 623 2449 673 2490; x_wconf 88' lang='lat' dir='ltr'><strong>eas</strong></span> <span class='ocrx_word' id='word_1_229' title='bbox 696 2439 725 2490; x_wconf 92' lang='lat' dir='ltr'><strong>et</strong></span> <span class='ocrx_word' id='word_1_230' title='bbox 747 2431 917 2490; x_wconf 89' lang='lat' dir='ltr'><strong>aeternitate</strong></span> <span class='ocrx_word' id='word_1_231' title='bbox 939 2440 1099 2508; x_wconf 89' lang='lat' dir='ltr'><strong>praestaro.</strong></span> 
     </span>
     <span class='ocr_line' id='line_1_28' title="bbox 105 2513 1144 2594; baseline 0.004 -20"><span class='ocrx_word' id='word_1_232' title='bbox 105 2515 303 2593; x_wconf 78' lang='lat' dir='ltr'><strong>Apraedictis</strong></span> <span class='ocrx_word' id='word_1_233' title='bbox 318 2534 416 2577; x_wconf 88' lang='lat' dir='ltr'><strong>morus</strong></span> <span class='ocrx_word' id='word_1_234' title='bbox 434 2533 576 2594; x_wconf 83' lang='lat' dir='ltr'><strong>proxume</strong></span> <span class='ocrx_word' id='word_1_235' title='bbox 591 2513 722 2574; x_wconf 90' lang='lat' dir='ltr'><strong>laudatur</strong></span> <span class='ocrx_word' id='word_1_236' title='bbox 738 2531 812 2591; x_wconf 89' lang='lat' dir='ltr'><strong>quae</strong></span> <span class='ocrx_word' id='word_1_237' title='bbox 829 2521 971 2573; x_wconf 89' lang='lat' dir='ltr'><strong>vetustate</strong></span> <span class='ocrx_word' id='word_1_238' title='bbox 994 2516 1081 2574; x_wconf 88' lang='lat' dir='ltr'><strong>etiam</strong></span> <span class='ocrx_word' id='word_1_239' title='bbox 1092 2525 1144 2578; x_wconf 73' lang='lat'><strong>218</strong></span> 
     </span>
     <span class='ocr_line' id='line_1_29' title="bbox 104 2597 1100 2678; baseline 0 -22"><span class='ocrx_word' id='word_1_240' title='bbox 104 2600 255 2674; x_wconf 86' lang='lat' dir='ltr'><strong>nigrescit.</strong></span> <span class='ocrx_word' id='word_1_241' title='bbox 286 2599 323 2660; x_wconf 84' lang='lat' dir='ltr'><strong>Et</strong></span> <span class='ocrx_word' id='word_1_242' title='bbox 337 2601 478 2678; x_wconf 85' lang='lat' dir='ltr'><strong>quaedam</strong></span> <span class='ocrx_word' id='word_1_243' title='bbox 496 2608 591 2658; x_wconf 91' lang='lat' dir='ltr'><strong>tamen</strong></span> <span class='ocrx_word' id='word_1_244' title='bbox 606 2598 634 2656; x_wconf 89' lang='lat' dir='ltr'><strong>in</strong></span> <span class='ocrx_word' id='word_1_245' title='bbox 648 2597 711 2656; x_wconf 90' lang='lat' dir='ltr'><strong>aliis</strong></span> <span class='ocrx_word' id='word_1_246' title='bbox 728 2597 903 2656; x_wconf 88' lang='lat' dir='ltr'><strong>diuturniora</strong></span> <span class='ocrx_word' id='word_1_247' title='bbox 919 2606 983 2656; x_wconf 89' lang='lat' dir='ltr'><strong>sunt</strong></span> <span class='ocrx_word' id='word_1_248' title='bbox 999 2598 1100 2657; x_wconf 92' lang='lat' dir='ltr'><strong>usibus</strong></span> 
     </span>
     <span class='ocr_line' id='line_1_30' title="bbox 107 2680 1101 2760; baseline 0.001 -21"><span class='ocrx_word' id='word_1_249' title='bbox 107 2699 190 2759; x_wconf 90' lang='lat' dir='ltr'><strong>quam</strong></span> <span class='ocrx_word' id='word_1_250' title='bbox 213 2682 284 2741; x_wconf 89' lang='lat' dir='ltr'><strong>alia:</strong></span> <span class='ocrx_word' id='word_1_251' title='bbox 316 2683 408 2742; x_wconf 86' lang='lat' dir='ltr'><strong>ulmus</strong></span> <span class='ocrx_word' id='word_1_252' title='bbox 429 2685 458 2743; x_wconf 90' lang='lat' dir='ltr'><strong>in</strong></span> <span class='ocrx_word' id='word_1_253' title='bbox 478 2681 602 2760; x_wconf 81' lang='lat' dir='ltr'><strong>perflatu</strong></span> <span class='ocrx_word' id='word_1_254' title='bbox 622 2681 720 2756; x_wconf 76' lang='lat' dir='ltr'><strong>firma,</strong></span> <span class='ocrx_word' id='word_1_255' title='bbox 739 2681 830 2741; x_wconf 90' lang='lat' dir='ltr'><strong>robur</strong></span> <span class='ocrx_word' id='word_1_256' title='bbox 849 2680 997 2740; x_wconf 88' lang='lat' dir='ltr'><strong>delossum</strong></span> <span class='ocrx_word' id='word_1_257' title='bbox 1020 2690 1049 2741; x_wconf 92' lang='lat' dir='ltr'><strong>et</strong></span> <span class='ocrx_word' id='word_1_258' title='bbox 1072 2683 1101 2740; x_wconf 88' lang='lat' dir='ltr'><strong>ia</strong></span> 
     </span>
     <span class='ocr_line' id='line_1_31' title="bbox 70 2765 1100 2842; baseline 0 -18"><span class='ocrx_word' id='word_1_259' title='bbox 70 2783 97 2824; x_wconf 86' lang='lat' dir='ltr'><strong>ao</strong></span> <span class='ocrx_word' id='word_1_260' title='bbox 108 2766 189 2842; x_wconf 89' lang='lat' dir='ltr'><strong>aquis</strong></span> <span class='ocrx_word' id='word_1_261' title='bbox 205 2781 328 2841; x_wconf 90' lang='lat' dir='ltr'><strong>quercus</strong></span> <span class='ocrx_word' id='word_1_262' title='bbox 341 2765 452 2826; x_wconf 87' lang='lat' dir='ltr'><strong>obruta.</strong></span> <span class='ocrx_word' id='word_1_263' title='bbox 478 2766 579 2826; x_wconf 90' lang='lat' dir='ltr'><strong>eadem</strong></span> <span class='ocrx_word' id='word_1_264' title='bbox 593 2782 679 2841; x_wconf 90' lang='lat' dir='ltr'><strong>snpra</strong></span> <span class='ocrx_word' id='word_1_265' title='bbox 691 2773 798 2825; x_wconf 87' lang='lat' dir='ltr'><strong>terram</strong></span> <span class='ocrx_word' id='word_1_266' title='bbox 806 2766 912 2823; x_wconf 88' lang='lat' dir='ltr'><strong>rimosa</strong></span> <span class='ocrx_word' id='word_1_267' title='bbox 925 2765 994 2824; x_wconf 84' lang='lat' dir='ltr'><strong>iacit</strong></span> <span class='ocrx_word' id='word_1_268' title='bbox 1008 2781 1100 2841; x_wconf 89' lang='lat' dir='ltr'><strong>opera</strong></span> 
     </span>
     <span class='ocr_line' id='line_1_32' title="bbox 105 2846 1098 2926; baseline -0.002 -19"><span class='ocrx_word' id='word_1_269' title='bbox 105 2846 267 2925; x_wconf 86' lang='lat' dir='ltr'><strong>torquendo</strong></span> <span class='ocrx_word' id='word_1_270' title='bbox 293 2865 369 2908; x_wconf 87' lang='lat' dir='ltr'><strong>sese.</strong></span> <span class='ocrx_word' id='word_1_271' title='bbox 409 2850 484 2909; x_wconf 70' lang='lat' dir='ltr'><strong>larix</strong></span> <span class='ocrx_word' id='word_1_272' title='bbox 504 2851 533 2908; x_wconf 92' lang='lat' dir='ltr'><strong>in</strong></span> <span class='ocrx_word' id='word_1_273' title='bbox 553 2865 652 2908; x_wconf 87' lang='lat' dir='ltr'><strong>umore</strong></span> <span class='ocrx_word' id='word_1_274' title='bbox 672 2849 830 2926; x_wconf 90' lang='lat' dir='ltr'><strong>praecipua</strong></span> <span class='ocrx_word' id='word_1_275' title='bbox 854 2857 882 2907; x_wconf 89' lang='lat' dir='ltr'><strong>et</strong></span> <span class='ocrx_word' id='word_1_276' title='bbox 903 2847 985 2906; x_wconf 87' lang='lat' dir='ltr'><strong>alnus</strong></span> <span class='ocrx_word' id='word_1_277' title='bbox 1006 2849 1098 2923; x_wconf 89' lang='lat' dir='ltr'><strong>nigra.</strong></span> 
     </span>
     <span class='ocr_line' id='line_1_33' title="bbox 104 2930 1100 3010; baseline -0.002 -20"><span class='ocrx_word' id='word_1_278' title='bbox 104 2930 193 2992; x_wconf 90' lang='lat' dir='ltr'><strong>robur</strong></span> <span class='ocrx_word' id='word_1_279' title='bbox 214 2932 321 2992; x_wconf 89' lang='lat' dir='ltr'><strong>marina</strong></span> <span class='ocrx_word' id='word_1_280' title='bbox 343 2949 416 3010; x_wconf 91' lang='lat' dir='ltr'><strong>aqna</strong></span> <span class='ocrx_word' id='word_1_281' title='bbox 438 2933 638 3010; x_wconf 88' lang='lat' dir='ltr'><strong>corrumpitur.</strong></span> <span class='ocrx_word' id='word_1_282' title='bbox 665 2950 723 2991; x_wconf 92' lang='lat' dir='ltr'><strong>non</strong></span> <span class='ocrx_word' id='word_1_283' title='bbox 740 2931 908 3010; x_wconf 90' lang='lat' dir='ltr'><strong>inprobatur</strong></span> <span class='ocrx_word' id='word_1_284' title='bbox 925 2941 953 2989; x_wconf 89' lang='lat' dir='ltr'><strong>et</strong></span> <span class='ocrx_word' id='word_1_285' title='bbox 973 2930 1058 3007; x_wconf 84' lang='lat' dir='ltr'><strong>fagus</strong></span> <span class='ocrx_word' id='word_1_286' title='bbox 1072 2931 1100 2989; x_wconf 92' lang='lat' dir='ltr'><strong>in</strong></span> 
     </span>
     <span class='ocr_line' id='line_1_34' title="bbox 102 3014 1099 3094; baseline -0.003 -18"><span class='ocrx_word' id='word_1_287' title='bbox 102 3033 179 3093; x_wconf 85' lang='lat' dir='ltr'><strong>aqna</strong></span> <span class='ocrx_word' id='word_1_288' title='bbox 195 3025 224 3075; x_wconf 91' lang='lat' dir='ltr'><strong>et</strong></span> <span class='ocrx_word' id='word_1_289' title='bbox 238 3014 362 3092; x_wconf 78' lang='lat' dir='ltr'><strong>iuglans,</strong></span> <span class='ocrx_word' id='word_1_290' title='bbox 377 3015 432 3075; x_wconf 92' lang='lat' dir='ltr'><strong>hae</strong></span> <span class='ocrx_word' id='word_1_291' title='bbox 447 3016 560 3093; x_wconf 92' lang='lat' dir='ltr'><strong>quidem</strong></span> <span class='ocrx_word' id='word_1_292' title='bbox 575 3017 604 3074; x_wconf 92' lang='lat' dir='ltr'><strong>in</strong></span> <span class='ocrx_word' id='word_1_293' title='bbox 618 3014 662 3075; x_wconf 89' lang='lat' dir='ltr'><strong>his</strong></span> <span class='ocrx_word' id='word_1_294' title='bbox 678 3034 753 3094; x_wconf 94' lang='lat' dir='ltr'><strong>qnae</strong></span> <span class='ocrx_word' id='word_1_295' title='bbox 766 3014 949 3075; x_wconf 83' lang='lat' dir='ltr'><strong>defodiuntur</strong></span> <span class='ocrx_word' id='word_1_296' title='bbox 961 3014 1010 3074; x_wconf 89' lang='lat' dir='ltr'><strong>vel</strong></span> <span class='ocrx_word' id='word_1_297' title='bbox 1023 3016 1099 3092; x_wconf 90' lang='lat' dir='ltr'><strong>prin·</strong></span> 
     </span>
     <span class='ocr_line' id='line_1_35' title="bbox 106 3098 1099 3177; baseline -0.001 -20"><span class='ocrx_word' id='word_1_298' title='bbox 106 3098 227 3177; x_wconf 81' lang='lat' dir='ltr'><strong>cipales‚</strong></span> <span class='ocrx_word' id='word_1_299' title='bbox 243 3099 312 3159; x_wconf 90' lang='lat' dir='ltr'><strong>item</strong></span> <span class='ocrx_word' id='word_1_300' title='bbox 327 3100 476 3177; x_wconf 83' lang='lat' dir='ltr'><strong>iunipirus,</strong></span> <span class='ocrx_word' id='word_1_301' title='bbox 493 3100 595 3158; x_wconf 91' lang='lat' dir='ltr'><strong>eadem</strong></span> <span class='ocrx_word' id='word_1_302' title='bbox 609 3109 638 3159; x_wconf 87' lang='lat' dir='ltr'><strong>et</strong></span> <span class='ocrx_word' id='word_1_303' title='bbox 653 3099 831 3159; x_wconf 89' lang='lat' dir='ltr'><strong>subdialibus</strong></span> <span class='ocrx_word' id='word_1_304' title='bbox 846 3098 1004 3175; x_wconf 89' lang='lat' dir='ltr'><strong>aptissima,</strong></span> <span class='ocrx_word' id='word_1_305' title='bbox 1016 3099 1099 3174; x_wconf 86' lang='lat' dir='ltr'><strong>fagus</strong></span> 
     </span>
     <span class='ocr_line' id='line_1_36' title="bbox 70 3183 1142 3261; baseline 0.007 -24"><span class='ocrx_word' id='word_1_306' title='bbox 70 3191 135 3240; x_wconf 79' lang='lat' dir='ltr'><strong>sset</strong></span> <span class='ocrx_word' id='word_1_307' title='bbox 158 3201 257 3242; x_wconf 91' lang='lat' dir='ltr'><strong>cerrus</strong></span> <span class='ocrx_word' id='word_1_308' title='bbox 280 3183 418 3242; x_wconf 89' lang='lat' dir='ltr'><strong>celeriter</strong></span> <span class='ocrx_word' id='word_1_309' title='bbox 440 3191 631 3241; x_wconf 88' lang='lat' dir='ltr'><strong>marcescunt.</strong></span> <span class='ocrx_word' id='word_1_310' title='bbox 675 3183 810 3242; x_wconf 89' lang='lat' dir='ltr'><strong>aesculus</strong></span> <span class='ocrx_word' id='word_1_311' title='bbox 830 3199 947 3261; x_wconf 92' lang='lat' dir='ltr'><strong>quoqne</strong></span> <span class='ocrx_word' id='word_1_312' title='bbox 972 3184 1142 3243; x_wconf 76' lang='lat' dir='ltr'><strong>umoris219</strong></span> 
     </span>
     <span class='ocr_line' id='line_1_37' title="bbox 105 3264 1100 3344; baseline -0.002 -20"><span class='ocrx_word' id='word_1_313' title='bbox 105 3266 256 3344; x_wconf 89' lang='lat' dir='ltr'><strong>inpatiens.</strong></span> <span class='ocrx_word' id='word_1_314' title='bbox 281 3275 380 3326; x_wconf 88' lang='lat' dir='ltr'><strong>contra</strong></span> <span class='ocrx_word' id='word_1_315' title='bbox 393 3264 494 3324; x_wconf 91' lang='lat' dir='ltr'><strong>adacta</strong></span> <span class='ocrx_word' id='word_1_316' title='bbox 504 3266 532 3323; x_wconf 92' lang='lat' dir='ltr'><strong>in</strong></span> <span class='ocrx_word' id='word_1_317' title='bbox 542 3274 647 3324; x_wconf 91' lang='lat' dir='ltr'><strong>terram</strong></span> <span class='ocrx_word' id='word_1_318' title='bbox 660 3267 688 3324; x_wconf 92' lang='lat' dir='ltr'><strong>in</strong></span> <span class='ocrx_word' id='word_1_319' title='bbox 699 3265 873 3344; x_wconf 89' lang='lat' dir='ltr'><strong>palustribus</strong></span> <span class='ocrx_word' id='word_1_320' title='bbox 889 3266 970 3325; x_wconf 91' lang='lat' dir='ltr'><strong>alnus</strong></span> <span class='ocrx_word' id='word_1_321' title='bbox 983 3274 1100 3323; x_wconf 85' lang='lat' dir='ltr'><strong>aeterna</strong></span> 
     </span>
     <span class='ocr_line' id='line_1_38' title="bbox 107 3347 1099 3428; baseline -0.003 -20"><span class='ocrx_word' id='word_1_322' title='bbox 107 3351 262 3428; x_wconf 86' lang='lat' dir='ltr'><strong>onerisque</strong></span> <span class='ocrx_word' id='word_1_323' title='bbox 285 3348 455 3428; x_wconf 88' lang='lat' dir='ltr'><strong>quantilibet</strong></span> <span class='ocrx_word' id='word_1_324' title='bbox 475 3349 598 3426; x_wconf 90' lang='lat' dir='ltr'><strong>patiens.</strong></span> <span class='ocrx_word' id='word_1_325' title='bbox 629 3366 747 3408; x_wconf 88' lang='lat' dir='ltr'><strong>cerasus</strong></span> <span class='ocrx_word' id='word_1_326' title='bbox 771 3349 866 3424; x_wconf 83' lang='lat' dir='ltr'><strong>firma,</strong></span> <span class='ocrx_word' id='word_1_327' title='bbox 892 3348 984 3407; x_wconf 91' lang='lat' dir='ltr'><strong>ulmus</strong></span> <span class='ocrx_word' id='word_1_328' title='bbox 999 3356 1028 3405; x_wconf 92' lang='lat' dir='ltr'><strong>et</strong></span> <span class='ocrx_word' id='word_1_329' title='bbox 1044 3347 1099 3405; x_wconf 89' lang='lat' dir='ltr'><strong>lra-</strong></span> 
     </span>
     <span class='ocr_line' id='line_1_39' title="bbox 56 3431 1124 3511; baseline -0.013 -20"><span class='ocrx_word' id='word_1_330' title='bbox 56 3460 61 3471; x_wconf 92' lang='lat'><strong>·</strong></span> <span class='ocrx_word' id='word_1_331' title='bbox 105 3433 314 3508; x_wconf 83' lang='lat' dir='ltr'><strong>xinnslentae,</strong></span> <span class='ocrx_word' id='word_1_332' title='bbox 331 3433 383 3493; x_wconf 87' lang='lat' dir='ltr'><strong>sed</strong></span> <span class='ocrx_word' id='word_1_333' title='bbox 399 3432 486 3493; x_wconf 83' lang='lat' dir='ltr'><strong>facile</strong></span> <span class='ocrx_word' id='word_1_334' title='bbox 502 3432 680 3511; x_wconf 62' lang='lat' dir='ltr'><strong>pandantur,</strong></span> <span class='ocrx_word' id='word_1_335' title='bbox 694 3431 813 3491; x_wconf 83' lang='lat' dir='ltr'><strong>ilexiles</strong></span> <span class='ocrx_word' id='word_1_336' title='bbox 824 3436 1124 3491; x_wconf 54' lang='lat' dir='ltr'><strong>narseum-aunum</strong></span> 
     </span>
    </p>
   </div>
   <div class='ocr_carea' id='block_1_4' title="bbox 0 0 1216 3840">
    <p class='ocr_par' dir='ltr' id='par_1_4' title="bbox 0 0 1216 3840">
     <span class='ocr_line' id='line_1_40' title="bbox 0 0 1216 3840; baseline 0 0"><span class='ocrx_word' id='word_1_337' title='bbox 0 0 1216 3840; x_wconf 95' lang='lat' dir='ltr'><strong> </strong></span> 
     </span>
    </p>
   </div>
  </div>
 </body>
</html>
