2422 3840
346 194 426 241 nnn.
443 193 534 242 rursu.
550 194 664 240 xvuu.
677 191 762 246 7-8.
778 181 929 263 (36-39.)
1073 179 1133 242 177

129 356 285 429 praeterea
308 346 388 424 longi
409 357 438 407 et
451 350 583 425 angusti,
603 348 706 408 intubis
721 347 831 409 similis.
857 365 1020 427 pessumum
1036 359 1132 410 autern

127 450 220 511 genus
245 449 309 490 cum
324 431 550 508 exprobratione
565 432 759 493 amaritudinis
775 431 966 510 appellavere
982 432 1130 514 ntupc'da.

128 525 173 576 est
195 516 346 574 etiamnum
369 514 424 574 alia
440 515 584 577 distinctio
604 515 689 576 albae
715 533 789 593 quae
809 508 956 594 μηκωνίς
978 527 1132 578 vocatura

126 600 212 681 copia
227 599 310 659 lactis
326 598 495 677 soporiferi,
512 617 682 678 quamquam
695 616 794 659 omnes
807 616 936 657 somnum
949 617 1054 677 parere
1067 620 1130 662 cre-

104 683 240 747 nduntur.
268 682 344 762 apud
361 682 494 760 antiquos
506 682 606 742 ltaliae
621 683 678 744 hoc
689 683 782 742 solum
794 699 886 758 genus
898 685 1078 761 earum‘fuit,
1102 695 1132 746 et

125 767 192 827 ideo
214 765 336 825 lactucis
357 782 498 826 nomena
518 766 605 826 lacte.
640 782 814 844 purpuream
835 781 983 825 maxumae
1004 767 1111 827 radicis
1124 779 1174 835 127

126 848 323 910 Caecilianam
341 857 462 923 vocant,
485 849 636 910 rotundam
652 866 723 908 vero
740 866 774 908 ac
793 848 913 907 minuma
932 848 1048 925 radice,
1065 851 1131 910 latis

124 934 222 1008 foliis,
239 921 408 1004 ἄστυτίδα,
425 933 597 1011 quidamque
613 921 820 1011 εὐνουχεῑον,
835 932 969 1008 quoniam
983 931 1057 992 haec
1073 951 1130 995 ma·

126 1033 211 1075 xume
234 1016 398 1093 refragetur
413 1018 523 1076 veneri.
549 1026 593 1076 est
610 1017 723 1095 quidem
741 1024 840 1076 natura
859 1013 990 1074 omnibus
1006 1016 1130 1095 refrige-

91 1101 218 1164 curatrix
233 1108 262 1159 et
277 1100 345 1159 ideo
366 1108 477 1160 aestate
492 1103 594 1178 gratia.
618 1099 768 1160 stomacho
783 1098 927 1163 fastidium
944 1094 1077 1160 auferunt
1092 1103 1131 1160 ci·
1180 1141 1182 1144 -

126 1183 213 1262 bique
240 1183 434 1261 adpetentiam
461 1185 578 1244 faciunt.
611 1185 694 1244 divos
720 1193 801 1243 certe
825 1183 974 1260 Augustus
997 1183 1110 1245 lactuca
1123 1195 1174 1248 128

127 1276 316 1328 conservatus
339 1268 367 1326 in
393 1267 573 1343 aegritudine
595 1268 687 1327 fertur
713 1267 863 1345 prudentia
887 1266 987 1327 blusae
1013 1269 1129 1344 medici,

127 1369 190 1411 curn
212 1351 318 1428 prioris
334 1349 368 1410 (l.
386 1349 493 1409 Aemili
511 1351 616 1427 religio
636 1352 720 1410 nimia
737 1369 802 1409 eum
817 1361 954 1426 necaret,
980 1353 1131 1412 intantum

125 1443 247 1511 recepta
268 1432 533 1508 commendatione,
560 1443 590 1492 ut
611 1434 721 1492 servari
740 1435 824 1493 etiam
840 1435 867 1492 in
885 1434 997 1493 alienos
1015 1453 1131 1495 menses

90 1543 117 1583 rs
128 1534 179 1577 eas
194 1516 322 1591 oxymeli
334 1525 392 1576 tum
408 1524 555 1594 repertum
568 1517 612 1575 sit.
632 1518 800 1593 sanguinem
812 1533 929 1594 quoque
941 1534 1050 1594 augere
1067 1536 1130 1578 cre·

126 1600 239 1660 duntur.
276 1598 330 1658 Est
339 1601 496 1660 etiamnum
519 1618 593 1677 quae
608 1609 728 1659 vocatur
745 1601 861 1677 caprina
876 1600 1006 1675 lactuca,
1024 1600 1061 1661 de
1075 1619 1131 1679 qua

127 1683 255 1744 dicemus
268 1684 342 1741 inter
353 1683 492 1743 medicas.
505 1692 533 1742 et
546 1701 618 1743 ecce
632 1701 695 1743 curn
708 1700 838 1760 maxume
850 1684 948 1763 coepit
958 1684 1095 1761 inrepere
1112 1705 1140 1749 m,
1151 1707 1174 1740 ss

126 1767 226 1827 sativis
249 1767 401 1827 admodum
417 1765 539 1845 probata
554 1784 629 1846 quae
642 1765 747 1827 Cilicia
763 1775 900 1843 vocatur,
926 1766 999 1827 folio
1018 1765 1130 1847 Cappa·

126 1851 242 1923 dociae,
258 1851 288 1909 ni
307 1851 432 1929 crispum
449 1851 594 1930 latiusque
612 1859 699 1911 esset.

89 1959 117 2000 20
191 1933 275 2014 (39.)
299 1933 401 2013 Neque
425 1952 463 1993 ex
484 1935 587 1994 eodem
609 1952 721 2011 genere
744 1943 865 2013 possunt
885 1935 942 1995 dici
963 1952 1059 2014 neque
1074 1953 1111 1996 ex
1124 1945 1174 1999 129

125 2019 183 2078 alio
200 2018 305 2093 intubi,
324 2018 426 2078 hiemis
442 2019 461 2077 ii
478 2020 667 2096 patientiores
685 2019 821 2096 virusque
838 2019 1056 2096 praeferentes,
1077 2020 1129 2079 sed

126 2102 209 2160 caule
224 2119 281 2160 non
296 2103 386 2161 minus
402 2103 486 2178 grati.
509 2111 643 2161 seruntur
659 2118 749 2160 verno
766 2102 881 2179 plantae
898 2119 1015 2178 eorum,
1031 2103 1131 2164 ultimo

125 2202 197 2243 vere
210 2183 428 2243 transferuntur.
450 2193 495 2242 est
511 2193 539 2242 et
555 2187 707 2244 erraticum
722 2185 848 2243 intubum
862 2185 939 2262 quod
953 2186 981 2243 iu
992 2185 1130 2264 Aegypto

127 2266 284 2327 cichorium
311 2275 433 2342 vocant,
462 2266 498 2327 de
523 2283 580 2345 quo
603 2269 685 2347 plura
708 2266 789 2327 alias.
842 2266 990 2326 Inventum
1012 2268 1174 2351 omnisihg}

89 2350 243 2425 25thyrsos
268 2350 317 2411 vel
341 2350 411 2410 lolia
436 2350 612 2411 lactucarum
638 2366 800 2430 prorogare
827 2351 923 2409 urceis
947 2352 1080 2411 conditos
1103 2362 1138 2411 et

126 2435 254 2494 recentis
274 2435 303 2494 iu
323 2435 427 2513 patinis
451 2452 591 2514 coquere.
637 2436 777 2494 Seruntur
800 2434 932 2494 lactucae
955 2451 1029 2493 anno
1046 2444 1174 2499 tot0130

125 2518 210 2578 laetis
233 2528 262 2578 et
285 2520 376 2595 riguis
399 2519 646 2597 stercoratisque,
675 2518 749 2577 binis
771 2517 920 2577 mensibus
942 2518 1017 2577 inter
1032 2536 1133 2578 semen

126 2602 311 2680 plantamque
330 2611 358 2661 et
374 2603 575 2662 maturitatem.
600 2601 758 2678 legitimum
772 2609 867 2661 tamen
884 2600 1014 2662 abruma
1032 2620 1133 2662 semen

125 2685 236 2757 iacere,
252 2684 378 2763 plantam
389 2684 506 2745 favonio
517 2685 687 2761 transferre,
703 2695 857 2746 autsemeu
865 2685 992 2761 favonio,
1006 2684 1132 2764 plantam

89 2791 116 2834 ao
126 2769 312 2844 aequinoctio
327 2786 428 2828 verno.
453 2769 537 2830 albae
552 2786 684 2829 maxume
701 2769 824 2829 hiemem
842 2769 975 2830 tolerant.
1004 2768 1112 2830 Umore
1124 2782 1171 2834 131

126 2851 221 2911 omnia
242 2851 390 2912 hortensia
413 2853 556 2929 gaudent,
584 2863 613 2913 et
628 2863 759 2913 stercore
779 2855 937 2932 praecipue
954 2853 1087 2913 lactucae
1103 2863 1133 2913 et

125 2936 217 3012 magis
240 2933 338 2994 intubi.
382 2938 441 2995 seri
463 2939 551 2997 etiam
575 2937 689 2997 radices
714 2937 810 2997 inlitas
826 2937 891 2996 fimo
906 2939 1027 2996 interest
1043 2946 1071 2995 et
1086 2954 1132 2995 re-

126 3019 202 3099 pleri
217 3019 390 3098 ablaqueata
406 3019 502 3079 hunno.
525 3021 638 3098 quidam
651 3029 680 3080 et
691 3021 775 3080 aliter
787 3020 1000 3101 amplitudinem
1015 3029 1131 3098 augent,

126 3104 247 3179 recisis,
271 3121 335 3163 cum
359 3104 394 3163 ad
416 3103 595 3182 semipedem
610 3114 820 3176 excreverunt,
841 3105 966 3182 fimoque
982 3104 1069 3164 suillo
1086 3123 1132 3164 re·

90 3188 205 3250 ascenti
228 3187 325 3246 inlitis.
357 3187 513 3247 candorem
533 3205 605 3248 vero
627 3196 725 3265 putant
744 3189 913 3266 contingere
934 3189 969 3248 iis
986 3188 1133 3248 dumtaxat

127 3287 204 3349 quae
226 3272 284 3330 sint
304 3271 423 3331 seminis
447 3271 522 3346 albi,
550 3273 575 3331 si
600 3271 708 3331 harena
730 3272 768 3332 de
782 3273 867 3331 litore
889 3289 906 3332 a
929 3273 1021 3350 primo
1038 3271 1132 3330 incre·

127 3363 225 3413 mento
246 3363 422 3431 congeratur
444 3355 473 3414 in
493 3356 605 3416 medias
627 3363 721 3433 atque,
734 3355 928 3416 increscentia
944 3355 1013 3415 folia
1033 3363 1132 3414 contra

127 3438 209 3515 ipsas
224 3437 393 3513 religentur.

171 3539 239 3577 nam.
253 3541 316 3579 nar.
331 3542 399 3585 ursr.
417 3527 460 3584 lll.
949 3519 1000 3576 Ὠ·
