2422 3840
340 199 420 248 usu.
436 200 527 250 nasu,
543 201 602 249 xx.
620 194 740 252 17-18.
757 188 911 267 (tl—75.)
1066 192 1127 252 219

123 358 190 417 dine
205 356 235 415 in
246 353 303 414 vini
317 353 420 428 cyatho
435 352 541 413 dilutis.
563 352 712 413 Dieuches
725 361 754 413 et
767 353 803 414 ad
816 354 977 415 lumborum
988 355 1107 417 dolores
1121 368 1170 422 191

125 456 196 500 suco
216 455 285 497 usus
306 446 367 512 est,
395 454 495 497 semen
514 436 683 515 hydropicis
709 439 902 499 etcoeliacis
929 439 1008 500 dedit
1032 442 1128 500 tritum

126 541 190 583 cum
213 530 323 598 menta,
344 521 464 582 Euenor
482 520 609 582 radicem
632 529 663 580 et
677 520 714 581 ad
729 522 817 582 renis.
852 522 958 583 Dalion
976 523 1128 584 herbarius

125 604 348 686 parturientibus
366 622 404 664 ex
420 622 457 664 eo
474 603 651 682 cataplasma
665 606 793 684 inposuit
808 623 871 665 cum
885 607 968 685 apio,
984 609 1053 667 item
1065 607 1127 667 vol·

102 707 224 749 suarum
240 689 351 766 dolori,
370 687 509 765 deditque
529 686 684 748 bibendam
707 706 770 748 cum
791 697 877 748 aneto
893 690 1127 766 parturientibus.

123 774 302 854 phreneticis
335 789 453 850 quoque
480 770 598 831 inlinunt
622 772 672 831 vel
696 790 802 832 recens
824 789 888 831 cunr
911 771 1041 850 polenta.
1086 775 1130 833 sio

124 868 154 917 et
169 855 326 916 infantibus
343 855 488 915 comitiale
502 855 617 932 vitium,
635 864 683 915 aut
699 856 914 916 contractiones
928 855 1128 915 sentientibus.

124 941 304 1016 Pythagoras
319 938 434 1016 quidem
451 946 538 1016 negat
553 939 660 1016 corripi
676 940 746 999 vitio
762 939 898 999 comitiali
918 941 947 999 in
961 957 1044 998 manu
1059 939 1174 1002 ha-192

125 1024 236 1098 beotia,
252 1022 378 1102 ideoque
393 1038 477 1100 quam
488 1022 649 1101 plurumum
663 1022 741 1083 domi
753 1023 925 1101 serendum,
940 1041 1046 1103 parere
1059 1039 1129 1102 quo·

90 1125 183 1184 acque
202 1105 317 1167 facilius
337 1105 518 1182 affectantis,
542 1115 572 1167 et
588 1108 682 1167 statim
702 1116 818 1185 apartu
836 1107 957 1169 dandum
977 1107 1059 1186 potui
1078 1124 1129 1185 pc·

125 1191 202 1251 lenta
225 1189 376 1267 adspersa.
417 1190 585 1250 sosimenes
607 1200 708 1251 contra
731 1192 824 1250 omnis
845 1191 963 1252 duritias
985 1209 1023 1251 ex
1044 1200 1129 1251 aceto

124 1293 193 1334 usus
216 1283 261 1333 est
283 1291 320 1333 eo
342 1281 371 1332 et
394 1282 495 1334 contra
514 1274 698 1335 lassitudines
714 1275 743 1334 in
760 1275 828 1335 oleo
849 1274 1017 1353 decoquens
1032 1274 1128 1334 addito

124 1359 209 1417 nitro.
243 1357 353 1415 semine
374 1357 437 1415 eius
453 1365 525 1434 pcto
540 1357 717 1417 lassitudinis
736 1358 872 1419 auxilium
886 1356 1045 1417 viatoribus
1060 1374 1128 1434 spo-

125 1439 235 1520 pondit.
264 1438 437 1499 Heraclides
454 1440 489 1499 ad
505 1439 668 1500 inflationes
685 1440 826 1500 stomachi
844 1458 944 1499 semen
959 1439 1050 1499 tribus
1068 1439 1174 1504 di·193

91 1549 116 1589 15
126 1526 194 1601 gitis
219 1540 283 1583 cum
302 1523 430 1582 castorei
449 1521 547 1582 obolis
567 1523 679 1584 duobus
702 1542 740 1583 ex
762 1523 856 1583 mulso
877 1522 973 1597 dedit,
999 1523 1131 1582 similiter

125 1607 161 1667 ad
182 1606 293 1666 ventris
310 1614 359 1665 aut
378 1606 578 1666 intestinorum
601 1606 765 1667 inflationes
785 1615 814 1666 et
836 1605 1036 1684 orthopnoicis
1053 1603 1131 1684 quod

124 1691 215 1750 ternis
237 1689 335 1766 digitis
352 1689 502 1768 pranderit
524 1692 658 1767 seminis,
687 1688 852 1750 tantundem
874 1687 1044 1764 hyoscyami
1067 1706 1131 1749 cum

124 1775 204 1835 lacte
219 1773 340 1833 asinino.
363 1773 444 1834 multi
458 1774 608 1834 vomituris
623 1772 775 1835 acetabula
787 1775 851 1834 eius
866 1781 895 1831 et
910 1773 981 1834 lolia
996 1773 1067 1832 lauri
1080 1773 1130 1832 de·

126 1877 190 1919 cem
206 1859 272 1918 trita
288 1857 317 1917 in
330 1874 422 1936 aqua,
438 1856 563 1918 bibenda
578 1859 653 1918 inter
673 1875 773 1918 cenam
786 1857 918 1917 suadent.
948 1857 1110 1933 strangula·
1124 1864 1176 1918 194

88 1965 115 2004 ao
125 1952 171 2002 tus
193 1941 316 2018 volvae,
339 1943 365 2000 si
390 1942 578 2002 manducetur
599 1950 627 2002 et
649 1942 753 2002 linatur
774 1941 896 2002 calidum
912 1941 960 2000 uel
977 1942 1001 2000 si
1018 1939 1133 2000 bibatur

125 2043 190 2087 cum
214 2035 349 2087 castoreo
376 2026 406 2085 in
430 2035 516 2086 aceto
537 2034 566 2085 et
589 2025 694 2102 melle,
717 2025 810 2086 sedat.
840 2025 1002 2102 vertigines
1017 2042 1033 2085 a
1048 2032 1131 2102 partu

125 2127 190 2168 cum
204 2111 315 2168 semine
333 2110 496 2168 cucumeris
512 2117 541 2167 et
554 2109 603 2167 lini
618 2112 680 2186 pari
691 2126 825 2168 mensura
840 2118 952 2169 ternum
963 2108 1130 2185 digitorum,

124 2192 184 2249 vini
205 2190 263 2250 albi
283 2191 374 2250 tribus
397 2190 509 2264 cyathis
531 2191 656 2250 discutit.
703 2190 893 2268 Tlepolemus
915 2193 952 2251 ad
979 2200 1132 2268 quartanas

125 2274 217 2333 ternis
240 2273 337 2350 digitis
359 2273 475 2333 seminis
500 2273 581 2332 anesi
603 2282 633 2333 et
650 2274 770 2334 feniculi
790 2291 859 2332 usus
883 2282 929 2333 est
951 2274 980 2331 in
998 2282 1082 2332 aceto
1104 2281 1133 2331 et

88 2356 220 2422 namellis
242 2356 347 2432 cyatho
370 2373 437 2417 uno.
480 2356 551 2416 lenit
579 2354 742 2418 articrdaris
761 2356 898 2432 morbos,
921 2373 985 2415 cum
1009 2357 1112 2414 amaris
1125 2364 1175 2418 195

124 2439 246 2501 nucibus
261 2439 380 2501 inlitum.
414 2441 537 2520 suntqui
554 2449 589 2501 et·
603 2441 733 2520 aspidum
751 2441 872 2500 venenis
890 2439 1037 2499 adversari
1053 2448 1133 2499 natu-

124 2543 185 2584 ram
202 2525 265 2583 eius
283 2533 393 2602 putent.
423 2525 532 2584 urinam
547 2525 621 2600 ciet,
638 2525 713 2584 sitim
730 2523 864 2598 cohibet,
882 2540 1020 2583 venerem
1035 2524 1131 2582 stimu-

125 2608 181 2681 lat,
198 2625 262 2666 cum
277 2611 345 2669 vino
361 2607 497 2667 sudorem
509 2607 614 2667 leniter
625 2617 770 2687 praestat,
784 2609 876 2666 vestis
890 2622 1007 2685 quoque
1021 2607 1133 2667 atineis

127 2689 265 2750 defendit.
289 2690 439 2751 efficacius
457 2708 574 2769 semper
591 2700 743 2752 recenset
760 2708 817 2771 quo
833 2691 959 2768 nigrius,
982 2691 1132 2750 stomacho

88 2782 222 2836 attamen
236 2774 336 2834 inutile
351 2783 554 2852 praeterquam
568 2775 677 2836 inflato.

193 2857 242 2918 18.
271 2857 354 2939 (74.)
382 2857 505 2919 Anetum
525 2876 643 2938 quoquc
657 2868 757 2919 ructus
770 2867 869 2918 moret
883 2866 914 2919 et
927 2859 1049 2917 tormina
1065 2875 1112 2916 sc·
1125 2865 1177 2921 196

126 2942 193 3017 dat,
214 2941 311 3002 alvom
330 2943 415 3002 sistit.
449 2942 599 3020 epiphoris
621 2944 735 3004 radices
754 2942 907 3003 inlinuntur
930 2960 969 3002 ex
991 2958 1065 3018 aqua
1085 2939 1133 2998 vel

125 3029 204 3086 vino.
233 3025 376 3102 singultus
393 3025 512 3085 cohibet
527 3045 628 3087 semen
641 3027 760 3087 ferrens
775 3025 895 3086 olfactu.
929 3032 1073 3104 sumptum
1096 3041 1134 3083 ex

126 3127 200 3189 aqua
218 3110 302 3169 sedat
314 3108 481 3170 cruditates.
503 3110 575 3169 cinis
592 3112 655 3170 eius
670 3127 753 3170 uvam
768 3110 797 3169 in
808 3108 941 3170 faucibus
957 3109 1046 3185 levat,
1065 3125 1133 3168 ocu-

88 3207 117 3251 as
129 3193 173 3253 los
190 3202 219 3251 et
235 3194 396 3270 genituram
413 3191 543 3252 hebetat.

190 3277 273 3356 (75.)
305 3276 500 3355 Sacopenium
526 3275 605 3354 quod
632 3275 708 3353 apud
736 3292 790 3335 nos
813 3277 941 3353 gignitur
966 3279 995 3334 in
1024 3282 1113 3333 totum
1126 3280 1177 3335 197

126 3362 316 3422 transmarino
332 3360 482 3421 alienatur.
504 3359 577 3420 sstud
591 3360 667 3419 enim
680 3358 870 3419 hammoniaci
883 3359 1029 3433 lacrymae
1041 3355 1135 3415 simile

126 3444 305 3520 sagapsnion
323 3452 455 3505 vocatur.
489 3441 611 3522 prodest
632 3442 754 3503 laterum
773 3452 802 3502 et
823 3442 954 3520 pectoris
972 3440 1149 3506 doloribus„
