2422 3840
152 168 154 173 '
242 177 693 233 ruau.n1sr.xvn1.ao-—28.
717 166 869 252 (tt-67.)
1001 172 1061 231 137

57 333 175 411 vesperi
188 333 324 391 exoritur.
346 347 432 393 xvtt.
448 335 684 396 kalendaslulias
696 338 809 415 gladius
822 336 937 396 Orionis
951 339 1108 401 exori-ato

58 427 119 491 tur,
136 415 212 494 quod
224 417 252 473 in
264 415 403 494 Aegypto
419 427 486 496 post
502 420 692 497 quatriduum.
718 436 764 481 XI.
779 421 919 481 kalendas
933 421 1063 480 eiusdem

58 500 172 559 Orionis
188 499 301 575 gladius
314 498 432 560 Caesari
447 502 584 561 occidere
596 504 705 582 incipit.
735 519 809 564 vm.
823 505 964 566 kalendas
975 501 1062 563 lulias

56 600 129 643 vero
146 582 330 658 longissimus
355 584 417 642 dies
439 586 527 644 totius
552 589 617 646 anni
638 597 668 647 et
689 606 749 648 nox
769 588 940 648 brevissima
966 588 1061 648 solsti-

31 668 126 727 stium
143 665 307 726 conficiunt.
340 667 381 744 [4]
409 666 441 726 ln
455 669 513 727 hoc
526 672 667 749 temporis
681 671 835 731 intervallo
851 673 953 731 vineae
970 678 1106 750 pam-257

57 752 205 829 pinantur,
231 759 346 809 curatur
359 759 389 809 ut
405 753 489 811 vinea
502 761 586 812 vetus
603 755 695 813 semel
709 755 789 814 fossa
807 756 856 828 sit,
876 753 919 813 bis
935 755 1061 814 novella.

57 852 129 894 oves
144 834 308 909 tondentur,
324 834 452 911 lupinum
463 837 643 897 stercorandi
660 855 747 897 causa
758 839 889 912 vertitur,
906 847 983 897 terra
996 855 1062 914 pro·

57 918 205 991 scinditur,
221 918 295 976 vicia
310 919 338 976 in
355 919 490 995 pabulum
504 929 631 995 secatur,
647 921 713 980 faba
725 924 849 996 metitur,
863 921 929 981 dein
942 920 1063 980 cuditur.

120 1001 170 1064 28.
194 1000 278 1060 Prata
297 1003 372 1060 circa
388 1002 527 1062 kalendas
539 1003 600 1062 lun.
614 1005 789 1080 caeduntur,
805 1022 926 1083 quorum
943 1002 1112 1066 facilli-ate

24 1104 101 1151 mma
117 1085 255 1162 agricolis
272 1103 340 1144 cura
355 1103 389 1145 ac
403 1088 518 1145 minumi
533 1087 650 1165 inpendi
669 1088 744 1148 haec
758 1089 796 1148 de
813 1106 846 1148 se
856 1088 984 1166 postulat
995 1087 1063 1146 dici.

58 1169 192 1246 Relinqui
210 1168 317 1228 debent
331 1170 359 1227 in
377 1169 454 1229 laeto
473 1169 538 1229 solo
559 1171 607 1230 vel
633 1171 734 1247 riguo,
757 1190 851 1250 eaque
872 1190 945 1250 aqua
967 1171 1064 1249 pluvia

58 1255 145 1330 rigari
155 1253 201 1311 via
212 1252 340 1331 publica.
368 1254 558 1328 utilissimum,
575 1255 599 1314 si
611 1255 705 1314 malae
718 1255 839 1331 herbae,
852 1273 945 1330 arare,
961 1255 1065 1314 deinde

59 1340 175 1411 cratire,
192 1354 293 1396 serere
308 1336 410 1396 florem
425 1355 463 1396 ex
473 1337 622 1412 fenilibus,
638 1347 725 1416 atque
738 1357 775 1398 ex
790 1337 983 1416 praesepibus
995 1337 1064 1397 feno

58 1420 200 1498 dilapsum
217 1437 359 1497 spargere
376 1421 541 1498 priusquam
560 1423 731 1496 eradantur,
754 1439 808 1480 uec
829 1423 921 1498 primo
938 1437 1012 1479 auno
1028 1422 1064 1479 ri·

25 1505 133 1581 regati,
150 1520 204 1561 nec
221 1504 303 1579 pasci
318 1511 384 1562 ante
401 1504 529 1563 secunda
553 1503 710 1579 fenisecia,
732 1522 769 1564 ne
792 1504 900 1563 herbae
922 1502 1066 1563 vellantur

60 1587 225 1663 obtrituque
248 1585 430 1645 hebetentur.
471 1587 634 1646 Senescunt
652 1596 735 1665 prata
757 1588 927 1665 restituique
943 1586 1114 1649 debentbth

60 1669 169 1730 labain
184 1668 218 1726 iis
237 1677 298 1728 sata
315 1669 364 1728 vel
381 1671 461 1747 rapis
476 1670 527 1729 vel
544 1670 633 1745 milio,
649 1687 718 1729 mox
732 1671 902 1748 insequente
918 1686 990 1729 anno
1006 1670 1064 1729 fru-

60 1761 156 1813 mento
173 1770 332 1830 rursusque
347 1753 376 1811 in
393 1762 476 1830 prata
491 1755 577 1813 tertio
593 1753 733 1832 relinqui,
754 1764 909 1832 praeterea
929 1755 1065 1832 quotiens

62 1845 143 1898 secta
161 1836 218 1895 sint
232 1837 342 1912 siciliri,
358 1836 416 1896 hoc
431 1847 477 1896 est
486 1855 562 1915 quae
572 1837 722 1897 feniseces
734 1837 1063 1916 praeterierunt-secari.

26 1935 52 1976 ao
62 1929 106 1981 est
121 1921 239 1979 enimin
257 1922 356 1998 primis
370 1922 470 1981 inutile
489 1922 587 1981 enasci
602 1920 938 1981 herbassementaturas.
968 1919 1065 1980 Herba

62 2013 177 2082 optuma
192 2006 219 2062 in
236 2013 319 2082 prato
334 2004 434 2079 trifoli,
446 2023 592 2082 proxuma
607 2006 753 2082 graminis,
771 2023 906 2084 pessuma
921 2003 1065 2079 nummuli,

62 2089 192 2166 siliquam
210 2096 239 2146 et
256 2088 347 2147 diram
361 2087 492 2147 ferentis.
524 2090 616 2148 invisa
631 2098 661 2148 et
676 2091 834 2167 equisaetis
852 2099 911 2165 est,
934 2089 1067 2149 asimili·

62 2171 158 2232 tudine
175 2171 298 2247 equinas
312 2180 423 2230 saetae.
456 2171 581 2230 Secundi
596 2181 727 2248 tempus,
749 2191 813 2232 cum
825 2175 910 2250 spica
926 2172 1115 2234 deflere-260

63 2272 148 2313 scere
166 2254 266 2330 coepit
280 2262 367 2331 atque
381 2253 524 2313 roborari.
563 2254 717 2313 secandum
739 2264 890 2330 antequam
911 2256 1064 2314 inarescat.

27 2334 153 2396 secato:
172 2337 309 2413 lenum,
332 2338 437 2415 inquit,
459 2355 499 2395 ne
520 2354 605 2396 sero
628 2355 745 2399 seces.
778 2339 880 2414 prius
897 2355 998 2415 quam
1014 2355 1066 2395 se·

62 2440 140 2480 men
156 2429 331 2481 maturum
347 2423 395 2481 sit
409 2430 547 2480 secato.
579 2421 693 2499 quidam
708 2421 800 2499 pridie
816 2421 920 2496 rigant,
938 2419 986 2480 ubi
1002 2429 1068 2478 sunt

62 2507 152 2582 rigua.
184 2505 318 2564 noctibus
332 2505 456 2564 roscidis
475 2505 571 2564 secari
590 2505 702 2564 melius.
731 2504 872 2583 quaedam
893 2513 992 2582 partes
1013 2503 1068 2562 lta·

62 2590 119 2649 liae
134 2598 202 2665 post
215 2607 340 2648 messem
362 2596 472 2648 secant.
510 2589 551 2667 [5]
586 2587 651 2647 Fuit
668 2589 725 2648 hoc
740 2605 855 2666 quoque
879 2589 995 2647 maioris
1010 2588 1110 2650 inubi

64 2672 151 2750 pendi
167 2672 242 2749 apud
259 2673 391 2749 priores,
410 2670 533 2731 Creticis
553 2679 659 2731 tantum
679 2672 934 2749 transmarinisque
956 2671 1069 2730 cotibus

28 2774 55 2815 ao
64 2756 141 2815 notis
157 2773 212 2814 uec
223 2756 277 2815 nisi
289 2756 357 2814 oleo
370 2757 461 2815 aciem
470 2755 555 2814 lalcis
567 2756 770 2814 excitantibus.
797 2756 883 2832 igitur
895 2772 985 2814 cornu
1001 2772 1068 2832 pro·

65 2849 131 2918 pter
146 2839 242 2898 oleum
257 2839 294 2899 ad
310 2858 376 2899 crus
390 2840 480 2916 ligato
501 2838 616 2898 fenisex
637 2838 799 2898 incedebat.
834 2837 915 2897 ltalia
936 2839 1068 2916 aquarias

66 2925 139 2983 cotis
151 2922 230 2983 dedit
242 2923 327 2982 limae
340 2925 404 2983 vice
416 2924 583 3001 imperantis
595 2921 685 2981 ferro.
700 2923 751 2982 sed
765 2923 881 2999 squama
892 2919 926 2962 **
938 2922 1068 2999 protinus

65 3009 167 3066 virent.
202 3005 330 3065 Falcium
344 3008 470 3084 ipsarum
485 3006 541 3065 duo
556 3024 681 3082 genera:
697 3005 827 3065 Italicum
842 3004 959 3064 brevius
974 3021 1009 3063 ac
1020 3002 1069 3062 vel

65 3093 139 3150 inter
158 3091 257 3167 vepris
279 3108 395 3169 quoque
419 3088 588 3164 tractabile,
614 3087 767 3149 Galliarum
785 3088 932 3148 latifundia
952 3087 1070 3147 maioris

30 3187 56 3229 st
67 3176 226 3253 conpendi,
244 3175 351 3253 quippe
367 3173 476 3232 medias
498 3173 622 3232 caedunt
636 3172 743 3233 herbas
758 3173 969 3250 brevioresque
986 3188 1069 3250 prae·

66 3267 189 3319 tereunt.
220 3257 309 3317 ltalus
330 3258 445 3317 fenisex
462 3256 563 3315 dextra
585 3274 638 3316 una
652 3275 735 3316 manu
757 3266 848 3316 secat.
881 3255 987 3314 lustum
1011 3261 1116 3314 ostada

67 3360 121 3401 una
143 3360 234 3420 opera
254 3343 283 3400 in
305 3342 351 3401 die
374 3343 503 3418 iugerum
527 3339 676 3415 desecari,
703 3342 882 3418 adligarique
909 3335 1070 3415 manipulos

68 3425 145 3484 mille
162 3427 313 3506 ducentos,
330 3434 469 3504 quaterna
484 3423 592 3501 pondo.
625 3433 735 3484 sectum
752 3425 829 3483 verti
844 3422 886 3482 ad
902 3421 1009 3477 solem.
1019 3435 1090 3470 mec
