2422 3840
108 189 173 253 286
425 199 455 248 c.
473 201 568 247 curro
584 199 734 248 succum

108 357 294 433 syntecticis,
312 353 503 413 comitialibus
518 371 581 412 cum
596 354 681 428 vino,
699 354 727 412 in
743 369 817 430 aqua
830 351 921 412 mulsa
937 352 1056 430 liuguae
1076 373 1128 433 pa-

106 442 206 516 ralysi.
225 437 434 500 coxendicibus
447 447 476 496 et
488 436 646 496 lumborum
659 436 808 496 doloribus
820 453 883 495 cum
893 436 1020 496 decocto
1032 438 1129 498 melle

65 525 262 591 106inlioitur.
296 538 354 580 uon
376 522 556 597 censuerim,
579 520 655 599 quod
670 530 805 580 auctores
825 519 962 597 suadent,
987 525 1129 582 cavernis

107 609 235 668 dentium
253 605 401 665 indolere
422 606 539 665 inditum
560 623 627 664 cera
649 604 772 679 includi,
794 621 898 680 magno
919 607 1128 683 experimento

106 692 230 752 bominis
248 689 296 768 qui
312 708 345 749 se
362 708 396 749 ea
412 689 449 749 de
464 707 550 749 causa
565 689 769 768 praecipitavit
784 707 821 747 ex
836 688 905 747 alto.
934 690 1045 768 quippe
1064 698 1155 749 tau-t

106 794 157 836 ros
169 774 323 834 inflammat
337 774 452 832 naribus
466 773 570 847 inlitis,
589 774 734 850 serpentis
748 771 927 832 avidissimas
942 773 1000 831 viui
1013 772 1127 833 admix-

107 869 165 920 tum
187 860 302 936 rumpit.
338 857 404 916 ideo
429 876 484 917 nec
505 857 622 933 inungui
648 857 788 916 suaserim
811 873 874 915 curn
900 855 999 915 Attico
1023 857 1127 936 melle,

106 943 177 1003 licet
200 941 392 1020 praecipiant.
430 940 509 1013 Quas
530 939 636 1000 babeat
658 940 795 999 utilitates
819 940 972 999 admixtum
996 940 1062 1000 aliis
1083 942 1126 1000 iu·
1198 966 1203 980 ·

107 1044 237 1088 mensum
253 1032 299 1084 est
314 1025 445 1100 referre,
468 1032 497 1083 et
514 1041 568 1082 nos
585 1023 728 1101 simplicia
743 1031 914 1098 tractamus,
939 1025 1076 1101 quoniam
1098 1027 1127 1083 iu

106 1111 153 1170 bis
164 1119 292 1167 naturam
303 1125 371 1166 esse
382 1107 512 1184 adparet,
527 1106 624 1165 inillis
638 1110 832 1167 coniecturam
844 1108 962 1186 saepius
973 1108 1123 1185 fallacem,
1137 1121 1161 1161 1⁰

108 1192 178 1252 nulli
201 1191 272 1249 satis
297 1190 438 1249 custodita
462 1191 490 1248 in
512 1190 641 1249 mixturis
664 1191 822 1251 concordia
844 1199 961 1250 naturae
984 1210 1020 1252 ac
1035 1210 1125 1270 repu-

67 1275 235 1353 rognautia.
265 1291 321 1350 qua
337 1272 422 1334 dere
439 1291 507 1333 mox
525 1275 619 1352 plura.

67 1371 117 1425 107
193 1357 243 1418 24.
269 1358 354 1436 (50.)
375 1356 439 1417 Non
461 1367 541 1418 esset
562 1358 657 1418 mellis
681 1359 838 1418 auctoritas
861 1361 890 1417 ln
911 1360 1006 1437 pretio
1029 1361 1126 1421 minor

109 1461 193 1522 quarn
209 1441 331 1517 laseris,
354 1443 381 1500 ni
404 1441 510 1519 ubique
532 1451 712 1501 nasceretur.
742 1442 811 1501 illud
833 1443 897 1521 ipsa
920 1443 1064 1503 fabricata
1088 1445 1126 1502 sit

68 1549 96 1591 n,
109 1535 252 1601 sanatura,
269 1524 320 1585 sed
336 1525 403 1585 buia
417 1526 563 1602 gignendo
579 1524 698 1600 animal,
712 1534 741 1584 ut
753 1526 890 1601 diximus,
906 1528 1077 1588 innumeros
1089 1527 1126 1588 ad
1139 1543 1161 1582 ¹⁵

108 1625 191 1686 usus,
213 1610 237 1667 si
260 1611 395 1687 quotiens
415 1612 570 1669 misceatur
587 1612 779 1669 aestimemus.
811 1611 901 1688 prima
922 1611 1059 1689 propolis
1086 1613 1126 1673 al·

68 1709 95 1751 n,
109 1709 254 1766 ovorum,
270 1694 306 1753 de
321 1711 377 1770 qua
393 1694 529 1769 diximus,
546 1693 667 1753 aculeos
684 1703 712 1752 et
728 1696 821 1753 omnia
836 1695 922 1753 infixa
940 1697 1061 1773 corpori
1075 1715 1126 1755 ex·

110 1776 210 1852 trabit,
238 1775 340 1835 tubera
368 1777 497 1855 discutit,
525 1777 595 1836 dura
621 1777 793 1854 concoquit,
820 1777 940 1838 dolores
965 1795 1127 1839 nervorum

69 1865 120 1918 108
130 1859 238 1918 mulcet
249 1860 409 1938 ulceraque
421 1863 475 1921 iam
488 1860 674 1938 desperantia
689 1862 717 1919 in
733 1862 896 1921 cicatricem
910 1861 1009 1921 cludit.
1026 1863 1127 1923 mellis

111 1943 226 2020 quidem
241 1943 331 2020 ipsius
345 1952 446 2003 natura
462 1945 527 2003 talis
544 1953 626 2002 estut
637 1953 809 2022 putrescere
826 1962 951 2022 corpora
959 1962 1020 2005 non
1036 1947 1125 2022 sinat,
1136 1966 1160 2006 aa

110 2023 235 2085 iucundo
262 2042 369 2102 sapore
391 2036 478 2105 atque
498 2045 556 2086 uou
578 2045 699 2105 aspero,
731 2027 787 2087 alia
809 2046 892 2106 quam
915 2028 984 2088 salis
1011 2039 1127 2106 natura,

110 2106 259 2182 faucibus,
276 2109 417 2187 tonsillis,
436 2112 559 2188 anginae
577 2111 767 2189 omnibusque
784 2114 843 2171 oris
860 2112 1015 2174 desideriis
1033 2115 1128 2174 utilis·

111 2191 228 2269 simum,
245 2196 449 2273 arescentique
464 2198 492 2254 in
508 2195 638 2255 febribus
651 2197 785 2274 liuguae,
807 2198 862 2256 iam
877 2213 949 2256 vero
965 2199 1128 2276 peripneu-

110 2276 249 2351 monicis,
271 2277 433 2354 pleuriticis
455 2280 624 2354 decoctum,
644 2283 713 2339 item
738 2279 922 2357 volueribus,
944 2300 960 2342 a
982 2291 1128 2360 serpente

109 2361 259 2438 percussis
284 2370 312 2420 et
334 2371 433 2422 contra
455 2380 567 2423 venena
588 2363 749 2440 fungorum.
784 2365 952 2442 paralyticis
970 2364 999 2424 in
1015 2365 1159 2442 mulso,aa

110 2461 281 2522 quamquam
295 2463 364 2505 suae
379 2447 473 2505 mulso
491 2447 575 2507 dotes
591 2456 732 2507 coustant.
763 2446 821 2507 mel
842 2448 959 2508 auribus
969 2447 1129 2510 instillatur

69 2534 119 2589 109
132 2544 196 2585 cum
211 2543 354 2604 rosaceo,
374 2529 475 2589 lendes
492 2540 521 2591 et
543 2532 629 2592 foeda
646 2533 747 2610 capitis
771 2532 903 2592 animalia
923 2541 1021 2592 necat.
1055 2551 1128 2594 usus

111 2609 272 2686 despumati
285 2630 403 2690 semper
411 2615 516 2692 aptior,
530 2617 707 2676 stomachum
718 2625 813 2675 tamen
826 2616 915 2690 indat,
928 2616 1016 2675 bilem
1024 2627 1127 2695 auget,

110 2691 253 2750 fastidium
276 2706 367 2774 creat,
392 2707 422 2757 et
446 2700 539 2759 oculis
560 2717 615 2776 per
640 2717 672 2757 se
699 2700 796 2759 inutile
823 2701 911 2778 aliqui
936 2699 1127 2776 arbitrantur,

111 2792 209 2835 rursus
243 2778 356 2853 quidam
389 2782 510 2858 angulos
543 2781 729 2842 exulceratos
759 2782 847 2842 melle
880 2785 959 2859 tangi
988 2784 1160 2848 suadentes

111 2857 208 2919 lllellis
228 2879 331 2922 causas
354 2873 440 2941 atque
460 2865 635 2924 differentias
655 2867 845 2942 nationesque
867 2876 897 2926 et
918 2867 1129 2929 indicationem

70 2940 100 3024 ᾖ
112 2942 172 3016 {liu
188 2946 283 3023 apium
298 2965 333 3007 ac
349 2947 452 3006 deinde
466 2948 565 3008 dorum
585 2958 683 3009 uatura
703 2949 835 3026 diximus,
853 2968 918 3010 cum
935 2951 1009 3009 ratio
1023 2955 1128 3029 operis

111 3025 202 3168 plividp
215 3039 338 3106 cogeret
351 3031 497 3091 miscenda
512 3051 612 3092 rursus
628 3043 756 3094 naturam
767 3036 864 3094 rerum
875 3050 1059 3113 pernoscere
1074 3054 1127 3097 vo·

124 3110 182 3168 enti
204 3128 247 3169 us.

72 3201 122 3255 110
195 3195 280 3273 (51.)
303 3195 334 3256 ln
354 3198 447 3257 mellis
470 3199 609 3278 operibus
630 3210 659 3260 et
680 3219 753 3279 aqua
774 3201 867 3262 mulsa
881 3201 970 3261 debet
993 3205 1163 3264 tracturiae

112 3275 169 3335 duo
188 3295 297 3354 genera
318 3282 395 3341 eius:
420 3282 531 3344 subitae
555 3302 590 3344 ac
610 3288 755 3362 recentis,
785 3285 906 3345 alterum
930 3287 1127 3349 inveteratae.

113 3364 262 3437 repentina
290 3364 460 3443 despumato
488 3367 576 3427 melle
606 3369 788 3446 praeclaram
815 3370 965 3429 utilitatem
988 3369 1080 3430 babet
1099 3374 1130 3431 in

105 3442 173 3504 cibo
186 3450 401 3522 aegrotantium
412 3450 487 3517 levi.
503 3451 563 3512 lroc
574 3462 620 3511 est
633 3453 724 3513 alicae
736 3453 849 3519 elutae,
865 3452 975 3512 viribus
986 3471 1129 3516 recreau-
