2422 3840
292 190 373 236 nnn.
390 184 735 238 n1su.xvn1.31-3t.
756 178 910 255 (ιι-15.)
1042 179 1101 237 147

100 346 174 406 duos
189 344 244 404 hos
258 359 348 402 annos
365 343 509 401 inventum
524 339 729 420 parvisprelis
751 351 781 402 et
800 343 909 401 minore
931 342 1101 418 torculario,

101 428 234 490 aedilicio
257 426 394 486 breviore
412 425 535 485 maloin
555 424 650 484 medio
670 424 799 502 directo,
826 434 961 504 tympana
978 427 1101 503 inposita

99 511 228 571 vinaceis
247 527 373 606 superne
396 517 459 568 toto
478 508 610 587 pondere
632 525 758 584 urguere
779 517 808 567 et
825 526 915 587 super
935 509 1017 589 prela
1033 525 1101 568 con·

101 604 214 655 struere
233 593 412 670 congeriem.
441 589 505 651 Hoc
520 600 551 651 et
564 607 650 670 poma
665 592 823 668 colligendi
837 602 960 671 tempus.
985 591 1085 652 obser·
1093 602 1146 656 318

76 679 195 752 svatio,
223 695 287 736 curn
309 675 427 753 aliquod
448 675 626 760 maturitate,
655 692 714 734 non
730 684 921 753 tempestate,
950 675 1100 736 deciderit.

99 763 157 822 hoc
172 768 200 820 et
220 761 321 821 faeces
339 758 535 836 exprimendi,
552 744 610 818 lroo
628 767 657 818 et
671 758 816 818 defrutum
831 759 976 836 coquendi
997 760 1101 818 silente

99 847 165 905 luna
190 852 277 904 noctu
294 850 358 916 aut,
379 843 405 900 si
430 840 569 917 interdiu,
596 841 701 920 plena,
727 843 834 901 ceteris
851 841 953 901 diebus
975 851 1022 901 aut
1037 852 1102 900 ante

99 936 231 988 exortum
247 927 332 985 lunae
348 934 397 984 aut
412 935 481 1004 post
494 943 640 985 occasum.
663 943 720 984 nec
735 925 772 984 de
786 925 905 985 novella
916 927 975 985 vite
991 934 1039 985 aut
1054 943 1102 1002 pa·

99 1012 198 1086 lustri,
224 1027 280 1069 nec
295 1009 382 1068 nisie
404 1018 514 1070 matura
528 1026 599 1084 uva,
627 1025 683 1067 nec
697 1010 752 1067 nisi
745 1007 848 1068 loliis
866 1008 1101 1086 despumandum,

65 1120 89 1160 10
99 1096 177 1172 quia,
198 1113 222 1154 ιι
215 1093 317 1170 ligno
334 1093 516 1168 contingatur
531 1109 600 1168 vas,
621 1091 752 1152 adustum
768 1101 797 1151 et
812 1091 955 1151 fumosum
971 1093 1034 1152 lieri
1051 1110 1102 1169 pu-

98 1186 167 1238 tant.
196 1177 304 1237 lustum
324 1176 487 1236 vindemiae
505 1184 618 1254 tempus
639 1175 675 1234 ab
692 1177 876 1253 aequinoctio
898 1177 934 1236 ad
948 1168 1083 1253 vergilia
1073 1184 1146 1238 319

98 1280 159 1322 rum
178 1278 315 1321 occasum
331 1261 394 1320 dies
414 1273 509 1319 XLIV.
541 1257 578 1318 ab
594 1275 630 1318 eo
646 1259 693 1318 die
712 1260 861 1319 oraculum
877 1261 1004 1319 occurrit
1022 1260 1101 1336 frigi·

98 1345 164 1405 dum
184 1345 278 1422 picari
292 1360 346 1422 pro
372 1343 462 1402 nihilo
484 1343 658 1402 ducentium.
694 1343 780 1402 sed
771 1361 827 1403 ram
851 1353 879 1403 et
905 1343 1038 1403 kalendis
1058 1342 1102 1402 la·

98 1428 205 1488 nuariis
221 1427 338 1486 defectu
357 1443 493 1484 vasorum
515 1424 716 1485 vindemiantis
735 1426 794 1486 vidi
812 1427 989 1505 piscinisque
1011 1434 1102 1484 musta

65 1511 250 1570 coordinat
269 1509 335 1569 vina
359 1508 465 1568 edundi
487 1509 603 1586 priora,
632 1517 660 1566 ut
680 1508 765 1568 dubia
782 1510 994 1587 reciperentur.
1028 1508 1147 1570 h00320

99 1612 157 1653 non
172 1603 229 1654 tam
243 1610 334 1670 saepe
351 1599 494 1671 proventu
515 1592 602 1649 nimio
618 1592 716 1650 evenit
732 1609 816 1668 quarn
832 1593 956 1668 segnitia
972 1601 1020 1651 aut
1035 1609 1101 1650 ava·

99 1679 164 1738 ritia
178 1676 369 1736 insidiantium
386 1675 497 1735 caritati
514 1672 601 1733 civili.
632 1675 686 1734 sed
706 1677 792 1753 aequi
812 1675 1026 1774 patrisfamilias
1042 1693 1101 1734 rno-

99 1761 152 1820 dus
171 1769 217 1820 est
236 1777 348 1819 annona
370 1759 509 1836 cuiusque
532 1759 596 1817 anni
615 1760 664 1818 uti.
685 1759 713 1818 id
733 1776 883 1837 peraeque
905 1760 991 1818 etiam
1006 1759 1101 1818 lucro·

99 1844 251 1903 sissimnm.
282 1842 406 1922 Reliqua
421 1842 499 1901 de
471 1843 545 1902 vrnis
563 1841 679 1902 adfatim
696 1843 861 1919 dictasunt,
882 1840 1143 1941 domuin-23:323*

64 1947 90 1990 ro
102 1929 195 1989 demia
209 1927 286 1988 iacta
302 1927 408 1987 olivam
423 1943 491 1986 esse
507 1927 689 2005 rapiendam,
717 1936 746 1986 et
761 1945 835 2006 quae
851 1928 887 1986 ad
903 1927 1000 1987 oleum
1014 1927 1102 2004 perti-

98 2020 167 2072 nent
182 2029 315 2090 quaeque
329 2029 345 2070 a
362 2011 549 2087 vergiliarum
567 2027 675 2070 occasu
692 2029 739 2088 agr
732 2011 870 2071 debent.
1110 2029 1133 2062 ιι

163 2096 214 2156 32.
238 2096 322 2173 (75.)
341 2092 392 2153 llis
415 2111 489 2170 quae
511 2102 575 2152 sunt
595 2097 763 2154 necessaria
783 2096 944 2155 adicientur
962 2093 998 2153 de
1017 2094 1081 2152 luna
1093 2101 1144 2154 321

100 2179 252 2253 ventisque
274 2187 303 2235 et
322 2176 503 2254 praesagiis,
525 2185 556 2233 ut
578 2177 615 2233 sit
634 2184 695 2235 tota
711 2177 847 2237 sideralis
867 2180 940 2236 ratio
959 2177 1101 2255 perlecta.

100 2277 223 2337 namque
234 2259 381 2334 Vergilius
397 2261 481 2317 etiam
496 2259 673 2317 innumeros
689 2258 774 2319 lunae
790 2260 948 2336 digerenda
961 2260 1102 2336 quaedam

66 2343 212 2421 reputavit
224 2341 384 2402 Democriti
399 2351 516 2402 secutus
538 2342 770 2401 ostentationem.
801 2360 855 2401 nos
870 2343 969 2418 legum
983 2342 1101 2416 utilitas,

101 2426 217 2504 quaein
232 2434 294 2486 toto
311 2444 419 2504 opere,
440 2427 470 2484 in
483 2426 538 2486 hac
551 2444 667 2504 quoque
682 2435 781 2485 movet
795 2434 888 2504 parte.
919 2426 1012 2484 omnia
1028 2441 1102 2500 quae

102 2510 275 2585 caeduntur,
309 2518 483 2587 carpuntur,
516 2509 675 2591 conduntur
699 2509 881 2569 innocentius
907 2508 1101 2568 decrescente

101 2594 167 2652 luna
181 2611 265 2671 quam
281 2601 433 2652 crescente
451 2593 529 2651 liunt.
558 2601 671 2653 stercus
686 2594 740 2652 nisr
733 2594 947 2653 decrescente
961 2594 1027 2652 luna
1045 2608 1081 2649 ne
1092 2599 1143 2652 322

101 2677 221 2752 tangito.
243 2693 374 2769 maxume
393 2665 488 2735 auten'r
503 2677 723 2752 intermenstrua
738 2677 910 2755 dimidiaque
927 2674 1100 2736 stercorato.

66 2782 93 2823 ao
102 2777 207 2832 verris,
226 2761 376 2834 iuvencos,
397 2759 516 2835 arietes,
539 2745 650 2818 haedos
670 2760 862 2820 decrescente
881 2761 946 2819 luna
964 2767 1099 2820 castrato.

102 2860 157 2902 ova
173 2842 238 2902 luna
259 2858 334 2901 nova
355 2842 519 2921 subponito.
552 2843 670 2903 scrobis
693 2844 759 2903 luna
783 2845 869 2922 plena
892 2853 980 2904 noctu
1001 2843 1099 2901 facito.

101 2926 236 2986 arborum
256 2926 371 2985 radices
392 2926 459 2986 luna
475 2927 561 3004 plena
577 2927 701 3006 operito.
733 2928 836 2987 umidis
857 2928 931 2986 locis
948 2926 1100 2985 interlunio

101 3010 190 3069 serito
213 3019 241 3068 et
259 3010 337 3068 circa
357 3009 538 3070 interlunium
559 3011 721 3089 quatriduo.
751 3011 884 3070 ventilari
905 3027 1019 3089 quoque
1043 3010 1100 3069 iru-

100 3101 194 3152 menta
208 3111 243 3153 ac
261 3093 404 3170 legumina
424 3103 452 3152 et
478 3093 563 3153 condi
588 3096 665 3154 circa
692 3104 850 3155 extremam
877 3095 971 3153 lunam
991 3093 1099 3166 iubent,

64 3178 262 3252 esseminaria,
293 3194 356 3235 cum
376 3177 442 3237 luna
459 3195 546 3255 supra
566 3186 672 3237 terram
694 3179 746 3254 sit,
767 3179 846 3253 lieri,
871 3179 976 3238 calcari
997 3185 1099 3248 musta,

101 3279 163 3319 cum
179 3261 245 3321 luna
262 3261 416 3340 subterra,
432 3260 500 3319 item
514 3263 649 3321 materias
664 3261 747 3320 caedi
763 3279 897 3360 quaeque
911 3262 965 3321 alia
982 3262 1040 3318 suis
1057 3258 1099 3315 lo·

100 3345 142 3403 cis
159 3344 291 3407 diximus.
318 3343 422 3423 Neque
444 3353 488 3403 est
500 3343 614 3404 facilior
628 3343 796 3404 observatio
815 3347 919 3405 aciem
937 3343 1012 3402 diota
1027 3357 1078 3399 no·
1090 3348 1143 3402 323

99 3424 143 3484 bis
169 3430 297 3489 secundo
313 3429 474 3504 volumine,
503 3427 555 3487 sed
578 3428 661 3506 quod
677 3427 853 3507 intellegere
876 3426 1108 3568 uplqust'xdxu
1110 3447 1158 3477 m
