2422 3840
262 181 341 229 unu.
359 181 450 229 msa.
466 183 537 230 xvr.
554 178 676 234 30—32.
693 173 846 250 (tc-58.)
1014 173 1056 237 25

53 336 165 396 lrirsuta
175 345 207 396 at
225 335 307 396 abies
317 336 485 415 multaeque
497 336 673 397 silvestrium
690 356 706 397 1
719 338 824 417 quibus
836 342 961 401 montani
973 359 1056 419 prae·

54 422 152 481 tenuia
168 421 215 480 iila
238 420 434 498 decerpentes
454 420 625 499 spectabilis
641 422 763 499 lagonas
784 432 814 482 et
836 423 891 484 alia
912 442 982 485 vasa
1007 443 1056 484 ne·

55 513 143 564 ctunt.
160 504 281 577 Quidam
293 521 350 564 non
362 504 446 564 altius
458 503 639 564 descendere
651 505 767 566 radices
780 525 863 585 quam
875 508 947 566 solis
960 508 1041 569 calor
1050 518 1100 572 12⁹

55 589 215 666 tepefaciat
236 589 322 667 idque
340 597 441 648 natura
458 587 517 648 loci
532 590 672 648 tenuioris
688 591 818 650 crassive
839 591 955 668 dixere,
980 594 1059 670 quod

30 671 159 732 tlalsum
175 671 309 731 arbitror.
342 671 418 750 apud
429 680 565 732 auctores
578 681 659 732 certe
675 674 828 749 invenitur,
845 674 948 735 abietis
960 677 1058 753 planta

55 774 120 816 cum
143 756 365 830 transferretur,
383 768 447 815 VIII
471 754 632 816 cubitorum
657 758 686 815 in
712 757 861 818 altitudine
887 777 942 818 neo
969 768 1056 821 totam

53 840 208 915 refossam,
226 838 279 899 sed
294 838 453 917 abruptam.
484 857 616 901 maxuma
631 842 724 919 spatio
737 850 823 919 atque
838 842 1016 919 plenitudine
1029 853 1058 903 et

55 924 120 983 citri
134 932 189 1001 est,
203 923 239 983 ab
249 941 284 984 ea
295 922 414 1001 platani,
426 923 542 984 roboris
556 932 585 983 et
596 923 830 1001 glandiferarum.
858 924 1040 999 Quarundam
1049 938 1100 991 130

54 1007 137 1067 radix
152 1008 283 1067 vivacior
298 1007 464 1084 superficie,
479 1016 510 1067 ut
522 1006 604 1069 lauri.
631 1011 730 1088 itaque
747 1027 810 1068 cum
827 1019 928 1069 trunco
944 1012 1056 1088 inaruit,

19 1092 150 1158 sarecisa
167 1092 253 1151 etiam
272 1091 375 1153 laetius
390 1093 514 1152 fruticat.
541 1091 662 1166 Quidam
678 1093 821 1163 brevitate
838 1095 964 1154 radicum
979 1095 1056 1154 cale·

54 1175 115 1234 rius
132 1192 293 1235 senescere
308 1175 430 1236 arbores
446 1185 563 1254 putant,
583 1177 660 1254 quod
677 1187 838 1254 coarguunt
854 1178 917 1253 fici,
939 1196 1057 1255 quarum

54 1258 170 1319 radices
184 1258 374 1337 longissimae
392 1269 421 1320 et
432 1270 569 1320 senectus
585 1261 729 1322 ocissIma
760 1257 875 1321 Falsum
891 1261 1016 1321 arbitror
1028 1271 1056 1321 et

55 1342 134 1441 quod
148 1343 236 1422 aliqui
251 1343 420 1421 prodidere,
436 1345 552 1404 radices
568 1343 703 1403 arborum
714 1354 859 1405 vetustate
871 1346 966 1404 minui.
995 1346 1057 1406 visa

54 1427 130 1485 enim
151 1436 197 1487 est
212 1444 329 1486 annosa
349 1445 475 1504 quercus
498 1445 602 1486 eversa
625 1430 807 1505 tempestatis
829 1430 858 1487 vi
878 1438 907 1488 et
927 1430 1058 1504 iugerum

17 1510 110 1573 rasoli
127 1510 272 1587 amplexa

120 1595 203 1672 (57.)
235 1592 399 1651 Prostratas
419 1593 531 1652 restitui
554 1593 726 1671 plerumque
749 1602 778 1652 et
797 1593 919 1671 quadam
939 1602 1099 1659 1111111131

54 1677 193 1738 cicatrice
210 1677 365 1735 'vivescere
383 1675 504 1752 volgare
529 1685 584 1736 est.
621 1676 872 1736 familiarissimum
894 1678 951 1737 hoc
965 1678 1056 1754 plata·

53 1763 110 1836 nis,
127 1777 202 1836 quae
218 1760 379 1838 plurumum
394 1768 545 1820 ventorum
563 1761 728 1837 concipiunt
750 1770 871 1838 propter
889 1762 1058 1841 densitatem

53 1860 209 1919 ramorum,
227 1843 332 1922 quibus
350 1845 501 1922 amputatis
518 1845 615 1904 levato
632 1860 724 1903 onere
736 1845 764 1904 in
780 1862 830 1904 sua
849 1844 956 1904 scrobe
971 1861 1056 1922 repo·

16 1948 44 1991 ao
54 1936 168 1989 nuntur.
198 1928 365 2007 factumque
381 1930 437 1987 iam
459 1937 505 1988 est
519 1927 576 1990 hoc
592 1938 622 1988 et
637 1930 665 1988 in
677 1928 859 2006 iuglandibus
874 1928 1007 2005 oleisque
1023 1946 1057 1988 ao

54 2011 151 2074 multis
166 2012 241 2075 aliis.
274 2011 323 2073 32.
341 2010 394 2072 list
414 2014 442 2071 in
464 2014 606 2091 exemplis
625 2022 654 2073 et
672 2015 734 2072 siue
751 2022 923 2091 tempestate
938 2011 1098 2073 1111111132

56 2113 144 2156 causa
159 2096 216 2156 alia
232 2113 316 2174 quam
333 2098 447 2174 prodigi
473 2098 617 2157 cecidisse
633 2097 734 2157 multas
757 2115 792 2156 ac
812 2115 863 2157 sua
886 2105 989 2173 sponte
1011 2113 1055 2153 re·

55 2180 232 2239 surrexisse.
263 2180 369 2239 lactum
392 2180 450 2239 lroc
471 2180 571 2258 populi
593 2180 714 2240 Romani
735 2179 893 2252 Quiritibus
915 2188 1056 2238 ostentum

56 2260 210 2322 Cimbricis
230 2262 318 2323 bellis
337 2262 482 2323 Nuceriae
508 2265 536 2322 in
563 2264 630 2324 luco
654 2264 768 2323 lunonis
790 2263 884 2335 nlrno,
905 2272 1058 2339 postquam

16 2369 45 2410 ca
56 2347 144 2407 etiam
160 2363 299 2407 cacumen
315 2356 489 2427 amputatum
508 2357 580 2424 erat,
598 2349 731 2426 quoniam
746 2347 774 2404 in
792 2365 869 2406 aram
887 2347 978 2422 ipsam
989 2361 1056 2422 pro·

57 2429 227 2508 cumbebat,
254 2433 384 2493 restituta
406 2441 512 2510 sponte
532 2432 570 2492 ita
592 2440 623 2491 ut
646 2433 776 2509 protinus
801 2431 936 2506 lloreret,
963 2444 1057 2505 aquo

57 2513 162 2574 deinde
177 2524 310 2594 ternpore
325 2518 461 2577 maiestas
477 2517 578 2595 populi
593 2515 714 2576 Romani
729 2516 890 2573 resurrexit
902 2530 976 2590 qnae
993 2521 1059 2571 ante

55 2607 169 2659 vastata
186 2598 315 2660 cladibus
333 2601 435 2661 iuerat
467 2609 641 2660 memoratur
653 2600 710 2658 hoc
721 2599 796 2657 idem
811 2597 942 2657 iactum'
934 2616 962 2655 rn
976 2596 1039 2655 Phi·
1050 2603 1102 2658 133

57 2682 146 2759 lippis
165 2681 256 2742 salica
271 2684 411 2783 procidua
427 2693 514 2761 atque
531 2684 710 2763 detruncata,
726 2689 756 2740 et
775 2681 924 2758 Stagiris
915 2699 943 2739 rn
957 2695 1058 2738 rnuseo

19 2790 48 2832 30
59 2763 171 2844 populo
187 2764 272 2840 alba,
290 2769 381 2827 omnia
398 2767 485 2826 lausti
502 2769 615 2827 ominis
648 2766 701 2824 sed
720 2782 852 2824 maxume
869 2766 985 2843 mirum,
1003 2760 1060 2820 An·

56 2846 150 2909 tandri
166 2848 299 2948 platanus
315 2853 399 2909 etiarn
415 2851 631 2911 circumdolatis
647 2849 786 2909 lateribus
801 2848 939 2912 restibilis
956 2854 1060 2924 sponte

57 2933 135 2992 lacta
152 2933 290 3013 vitaeque
304 2933 415 2994 reddita
426 2935 605 3012 longitudine
621 2934 784 3012 quindecim
797 2932 968 3005 cubitorum,
983 2946 1060 3036 cras·

58 3015 183 3076 situdine
198 3026 332 3096 quattuor
349 3019 488 3078 ulnarum.

120 3100 204 3181 (58.)
226 3100 359 3160 Arbores
374 3120 446 3181 quas
459 3112 579 3162 naturae
591 3101 749 3162 debeamus
769 3099 860 3159 tribus
877 3097 968 3157 modis
990 3101 1104 3158 na-134

20 3196 192 3259 nascuntur,
214 3193 318 3263 sponte
340 3195 387 3246 aut
403 3187 512 3245 semine
528 3195 577 3245 aut
597 3185 633 3245 ab
656 3185 764 3246 radice.
796 3201 865 3243 cora
880 3182 1062 3242 numerosior

59 3269 183 3343 exsistit,
192 3268 228 3328 de
237 3287 292 3347 qua
305 3287 357 3329 suo
370 3270 499 3330 dicemus
509 3269 665 3329 volumine.
684 3288 759 3329 nunc
771 3269 845 3327 enim
859 3276 935 3326 totus
948 3281 1042 3325 sermo
1051 3284 1117 3326 nas·

58 3352 95 3411 de
112 3360 212 3412 natura
229 3363 273 3414 est
284 3354 380 3414 multis
391 3353 483 3414 modis
498 3354 636 3430 mirisque
646 3350 838 3413 memorabili.
868 3367 990 3426 namque
1005 3361 1062 3405 non

58 3436 152 3496 omnia
167 3436 195 3495 in
211 3437 343 3498 omnibus
359 3439 433 3499 locis
449 3439 529 3498 nasci
542 3437 704 3514 docuimus,
714 3454 769 3496 neo
782 3434 920 3495 translata
931 3433 1041 3490 vivere.
1053 3448 1102 3492 aar
