2422 3840
335 201 415 248 usn.
431 201 523 249 nasu.
539 203 597 250 xx,
615 199 734 255 att-24.
755 191 926 269 (au—loo.)
1073 191 1129 253 231

127 357 191 431 ipsa
206 353 289 412 radix
302 355 456 431 inponitur.
487 356 529 413 sic
547 364 576 413 et
590 357 760 415 torminibus
774 356 922 432 medetur,
950 375 989 416 ex
1004 357 1071 418 oleo
1084 375 1132 416 au-

127 446 185 495 tem
203 445 232 495 et
256 445 339 495 aceto
362 447 462 498 contra
480 436 602 498 sudores
620 439 780 500 inmodicos
799 440 849 500 vel
864 442 893 500 in
913 439 1044 500 febribus
1066 458 1133 519 pro-

127 519 195 578 iicit.
227 537 311 578 sucus
331 519 443 580 ferulae
467 520 562 580 alvom
587 522 675 582 solvit
698 521 785 583 fabae
807 523 998 600 magnitudine
1023 524 1173 588 devo-261

126 610 216 661 ratus.
246 603 361 663 eviridi
376 603 502 664 medulla
517 605 614 664 vulvis
629 606 705 665 utilis
721 606 815 665 estad
829 609 923 665 omnia
939 624 973 666 ea
988 608 1065 668 vitia.
1098 608 1133 667 ad

103 686 294 762 ssanguinem
312 688 468 748 sistendum
492 690 593 750 dacem
613 706 703 766 grana
726 689 844 747 seminis
864 688 998 748 bibuntur
1014 692 1043 749 in
1065 692 1132 750 vino

126 771 191 828 trita
211 769 262 828 vel
281 769 416 830 medulla.
448 781 513 830 sunt
529 773 576 848 qui
596 771 787 833 comitialibus
810 771 918 830 morbis
940 770 1061 832 dandum
1081 792 1132 851 pu·

125 861 187 911 tent
204 852 270 911 luna
286 861 402 930 quarta,
423 862 525 928 sexta,
549 864 698 932 septuma,
722 853 848 930 lingulae
863 870 1006 913 mensura.
1033 865 1131 916 natura

125 935 282 995 ferularum
307 938 432 996 murenis
454 936 639 997 infestissima
661 947 721 1014 est,
745 945 839 997 tactae
864 938 1007 1015 siquidem
1023 956 1057 998 ea
1071 955 1130 998 mo-

125 1019 243 1077 riuntur.
274 1016 379 1078 Castor
399 1019 503 1080 radicis
520 1037 617 1079 sucum
639 1030 668 1080 et
690 1020 839 1081 oculorum
856 1021 979 1081 claritati
996 1022 1131 1081 conferre

90 1101 242 1161 nomultum
256 1103 375 1180 putavit.

189 1184 273 1264 (99.)
297 1184 334 1245 ut
357 1186 394 1246 de
421 1186 591 1246 carduorum
613 1198 676 1248 satu
705 1189 780 1247 inter
805 1187 954 1246 hortensia
977 1187 1109 1263 diximus,
1122 1199 1173 1252 262

125 1279 305 1348 quapropter
329 1279 358 1328 et
382 1269 553 1329 medicinam
580 1289 618 1330 ex
645 1271 689 1330 his
712 1288 770 1330 non
797 1270 971 1331 differamus.
1003 1271 1172 1331 silve-¹⁹·¹⁵⁹

124 1353 224 1411 strium
249 1369 359 1429 genera
383 1360 447 1412 sunt
467 1351 540 1429 duo,
571 1371 656 1412 unum
684 1354 851 1414 fruticosius
878 1371 894 1413 a
922 1360 1001 1413 terra
1026 1354 1130 1432 statim,

125 1434 248 1494 alterum
274 1435 406 1494 unicaule
438 1437 575 1496 crassius.
621 1437 736 1514 utrique
762 1436 834 1496 folia
860 1452 968 1514 pauca,
1001 1439 1129 1514 spinosa,

90 1518 270 1577 numurieatis
288 1519 496 1594 cacuminibus,
522 1519 575 1579 sed
589 1520 664 1580 alter
679 1519 781 1579 florem
798 1536 975 1597 purpureum
992 1520 1076 1578 mittit
1090 1523 1130 1580 in-

125 1609 170 1660 ter
190 1601 302 1661 medios
322 1601 443 1662 aculeos
463 1602 601 1663 celeriter
619 1610 824 1663 canescentem
846 1611 876 1662 et
898 1600 1051 1662 abeuntem
1067 1621 1130 1662 cum

126 1701 209 1760 aura,
233 1677 404 1764 σκόλυμον
422 1686 526 1747 Graeci
541 1696 656 1747 vocant.
686 1684 734 1746 hic
755 1696 905 1763 antequam
920 1684 1023 1744 floreat
1041 1703 1109 1746 cou·
1121 1697 1173 1751 263

125 1776 224 1828 tunsus
247 1778 333 1847 atque
355 1787 514 1848 expressus
541 1770 622 1830 inlito
646 1787 717 1831 suco
739 1770 889 1847 alopecias
911 1769 1017 1846 replet.
1049 1769 1131 1829 radix

126 1851 330 1931 cuiuscumque
352 1871 390 1912 ex
406 1871 480 1932 aqua
501 1852 624 1914 decocta
645 1852 797 1932 potoribus
819 1853 894 1912 sitim
915 1853 1014 1912 iacere
1032 1871 1129 1913 narra-

87 1947 115 1986 2⁰
124 1943 178 1993 tur.
222 1936 401 1995 stomachum
422 1936 598 1997 conroborat
620 1947 649 1997 et
670 1937 782 2012 volvis,
808 1937 832 1996 si
857 1935 1014 2011 credimus,
1045 1938 1130 1997 etiam

125 2017 260 2078 conferre
276 2019 383 2096 aliquid
402 2020 522 2079 traditur
536 2030 567 2080 ut
588 2040 682 2081 mares
701 2021 865 2098 gignantur.
896 2019 924 2079 id
946 2021 1020 2079 enim
1036 2017 1129 2080 Chae-

123 2118 193 2160 reae
222 2101 356 2161 Glaucias
384 2103 540 2179 adscripsit
565 2106 613 2180 qui
644 2106 721 2163 circa
748 2105 872 2164 carduos
894 2102 1129 2180 diligentissimus

123 2182 247 2255 videtur.
278 2183 417 2242 mastiche
434 2202 451 2242 e
466 2183 581 2243 carduis
595 2185 714 2244 odorem
730 2184 994 2245 commendatoris.

189 2265 238 2326 24.
262 2265 368 2345 (100.)
391 2266 449 2326 Sed
469 2264 628 2326 discessuri
644 2267 680 2326 ab
696 2267 850 2327 hortensiis
871 2284 956 2326 unam
975 2271 1172 2345 conponi-sus

89 2349 232 2407 astionem
249 2367 286 2408 ex
301 2349 344 2408 his
360 2349 548 2409 clarissimam
566 2349 744 2410 subteximus
758 2350 899 2410 adversus
914 2359 1056 2409 venenata
1072 2352 1130 2410 aui·

123 2431 208 2492 malia
226 2433 345 2493 incisam
360 2434 389 2492 in
402 2434 500 2512 lapide
516 2433 649 2493 versibus
662 2431 716 2492 coi
738 2434 766 2491 in
783 2433 857 2493 aede
874 2432 1049 2510 Aesculapi:
1068 2452 1129 2493 ser·

124 2514 196 2592 pylli
212 2516 295 2575 duum
310 2517 492 2576 denariorum
508 2517 638 2594 pondus,
657 2517 835 2594 opopanacis
850 2526 879 2577 et
893 2516 950 2575 mei
965 2517 1129 2577 tantundem

125 2598 317 2675 singulorum,
338 2599 428 2659 trifoli
452 2602 570 2660 seminis
591 2601 704 2678 pondus
721 2600 835 2675 denari,
865 2600 945 2659 anesi
963 2609 992 2659 et
1010 2601 1129 2662 feniculi

125 2681 241 2740 seminis
269 2689 298 2740 et
324 2683 379 2741 ami
406 2692 435 2742 et
456 2683 504 2760 api
529 2683 674 2743 denarium
696 2701 796 2744 senum
818 2682 939 2759 singulis
958 2684 1127 2761 generibus,

89 2765 187 2822 acervi
208 2764 317 2824 farinae
343 2765 505 2827 duodecim.
540 2768 614 2827 haec
640 2776 723 2828 tunsa
749 2766 932 2845 cribrataque
954 2768 1022 2828 vino
1045 2786 1129 2848 quam

124 2848 218 2925 possit
235 2848 392 2908 excellenti
409 2850 578 2927 digeruntur
598 2853 626 2910 in
642 2852 775 2930 pastillos
792 2850 936 2910 victoriati
958 2850 1127 2928 ponderum.

125 2948 163 2990 ex
185 2930 230 2990 his
252 2932 356 3008 singuli
374 2932 475 2993 dantur
496 2953 534 2993 ex
557 2935 614 2993 vini
634 2937 714 2994 mixti
732 2934 842 3009 cyathis
865 2933 967 2993 ternis.
996 2934 1051 2993 hac
1066 2933 1127 2992 the·

123 3015 203 3074 riace
219 3012 340 3091 Magnus
361 3015 520 3077 Antiochus
545 3036 599 3076 rex
618 3019 759 3078 adversus
784 3018 877 3077 omnia
897 3024 1039 3077 venenata
1059 3031 1128 3075 usus

123 3099 244 3159 traditur
260 3098 361 3176 aspide
377 3109 513 3178 excepta.

510 3306 798 3319 uum-—
