2422 3840
304 181 385 230 nnn.
402 181 494 230 mrsu.
508 183 608 229 xv111.
624 177 711 232 6—7.
729 171 865 249 (e-lo.)
1040 170 1099 250 103

95 343 190 412 tante,
214 334 351 414 paulatim
370 342 525 396 extenuato
549 337 643 396 culmo
664 354 757 415 paene
779 338 809 396 in
830 337 992 413 surculum,
1016 354 1099 415 prae·

95 418 194 479 densis
216 428 369 479 acervatur
383 423 481 496 granis
503 437 567 480 cnm
585 420 753 497 longissima
770 420 867 499 pedali
884 420 992 498 phoba.
1021 419 1100 478 milio

96 519 199 563 comae
213 520 331 579 manum
353 505 517 583 conplexae
540 502 680 563 fimbriato
705 504 812 584 capillo
834 514 997 564 curvantur.
1031 504 1144 565 Sunttd

97 594 127 645 et
144 587 248 665 panico
262 604 388 664 genera:
405 604 572 663 mammosa,
591 606 608 647 e
624 605 700 666 pano
713 589 810 666 parvis
824 598 971 648 racemata
984 589 1101 666 panicu-

69 669 142 746 slis,
159 680 189 729 et
204 672 351 730 cacumine
363 672 490 747 gemino.
523 673 591 748 quin
609 680 639 730 et
650 672 752 731 colore
765 670 954 747 distinguntur
967 671 1100 746 candido,

94 754 189 830 nigro,
204 754 280 829 rulo,
299 755 385 812 etiarn
400 771 559 831 purpureo.
590 754 675 814 Panis
690 753 871 813 multifariam
886 763 914 813 et
936 755 1043 814 amilio
1058 755 1099 830 iit,

95 839 229 915 epanioo
243 854 336 897 rarus.
370 837 424 896 sed
443 837 552 896 nullum
575 838 769 915 ponderosius
793 837 965 896 frumentum
987 846 1101 896 estant

94 921 173 999 qnod
191 919 345 998 coquendo
360 922 452 998 magis
470 930 593 981 crescat.
624 935 671 981 Lx
687 922 784 1000 pondo
803 922 885 1000 panis
902 940 919 981 e
939 920 1035 980 modio
1055 937 1100 979 re-

94 1004 201 1063 ducunt
220 1004 404 1083 modiumque
421 1004 511 1084 pultis
532 1004 569 1065 eir
586 1005 678 1064 tribus
701 1005 835 1065 sextariis
852 1005 984 1064 madidis.
1028 1002 1143 1062 Mili-55

57 1103 140 1146 ronm
155 1088 228 1147 iutra
243 1087 297 1147 hos
314 1088 417 1148 decem
438 1106 529 1148 annos
547 1108 585 1148 ex
606 1088 685 1150 lndia
706 1092 734 1148 in
754 1087 865 1149 ltaliam
888 1090 1032 1148 invectum
1056 1096 1101 1147 est

93 1173 204 1247 nigrum
220 1170 332 1248 colore,
349 1172 474 1251 amplum
495 1191 603 1250 grano,
626 1174 832 1234 harundineum
862 1172 966 1232 culmo.
1002 1171 1100 1232 adnle-

93 1256 148 1314 scit
163 1255 199 1315 ad
211 1255 303 1332 pedes
321 1256 471 1316 altitudine
489 1267 613 1336 septem,
620 1257 850 1335 praegrandibus
866 1256 966 1317 culmis
979 1255 1099 1334 -pho·

92 1337 145 1397 bas
161 1348 268 1398 vocant
285 1374 327 1385 -
346 1343 470 1400 omnium
493 1340 607 1418 frugum
627 1341 845 1404 fertilissimum.
875 1358 913 1400 ex
928 1356 985 1399 uuo
1007 1356 1100 1416 grano

92 1423 167 1481 terni
186 1425 306 1483 sextarii
321 1423 485 1500 gignuntur.
517 1425 576 1483 seri
592 1423 679 1483 debet
696 1425 724 1482 in
735 1424 848 1483 umidis.
877 1421 915 1504 [4]
948 1422 1143 1484 Frumentum

56 1529 83 1571 rs
93 1505 235 1584 quaedam
251 1507 279 1564 in
293 1509 379 1567 tertio
397 1525 474 1583 genu
490 1508 600 1584 spicam
615 1502 753 1584 incipiunt
771 1507 940 1584 concipere,
961 1506 1102 1583 quaedam

91 1590 121 1647 in
137 1598 251 1666 quarto,
267 1590 319 1649 sed
336 1591 489 1649 etiamnum
505 1589 657 1650 occultam.
689 1591 825 1666 genicula
846 1598 941 1649 antem
964 1599 1029 1648 sunt
1051 1591 1100 1649 tri·

91 1674 151 1731 tico
168 1682 318 1750 quaterna,
334 1673 404 1733 farri
419 1691 501 1749 sena,
518 1673 631 1733 hordeo
648 1683 762 1733 octona.
796 1673 919 1733 sednon
934 1682 999 1731 ante
1013 1690 1101 1750 supra

92 1755 198 1816 dictum
214 1758 416 1832 geniculorum
437 1775 584 1816 nnmerum
606 1767 767 1835 conceptus
790 1766 835 1816 est
856 1757 974 1834 spicae,
997 1757 1046 1833 qui
1071 1763 1101 1814 nt

92 1857 174 1917 spem
190 1842 235 1899 sui
250 1841 331 1917 iecit,
351 1850 486 1921 quattuor
501 1850 548 1901 ant
561 1842 687 1921 quinque
699 1841 861 1901 tardissime
875 1839 978 1900 diebus
993 1833 1101 1898 llo'rere

54 1924 230 2002 mincipiunt
252 1926 430 2003 totidemque
451 1935 499 1985 aut
523 1924 610 2003 paulo
638 1924 768 2004 pluribus
794 1924 1008 1999 deflorescunt,
1035 1924 1101 1983 hor·

92 2008 146 2071 dea
167 2025 258 2084 vero,
285 2027 348 2068 eum
371 2010 551 2083 tardissime,
577 2018 701 2088 septem.
732 2009 826 2068 Varro
850 2018 953 2088 quater
979 2008 1101 2068 novenis

91 2090 193 2151 diebus
211 2092 312 2169 fruges
336 2091 450 2151 absolvi
475 2092 560 2152 tradit
586 2103 736 2152 otmense
759 2110 836 2152 nono
864 2095 942 2152 meti.
975 2092 1016 2170 [5]
1048 2089 1141 2152 Fa-st

90 2173 147 2233 bae
175 2175 204 2232 in
224 2174 295 2233 folia
321 2183 428 2232 exeunt
453 2192 488 2233 ac
518 2174 622 2233 deinde
652 2176 764 2235 caulem
794 2177 924 2234 emittunt
945 2175 1031 2234 nullis
1061 2174 1101 2233 di·

93 2257 226 2316 stinctum
249 2257 431 2317 internodiis.
470 2257 584 2333 reliqua
608 2257 753 2334 legumina
780 2258 933 2316 surculosa
955 2266 1028 2316 sunt.
1065 2266 1104 2314 ex

55 2340 138 2403 ashis
154 2357 269 2400 ramosa
285 2342 381 2417 cicer,
406 2358 522 2416 ervom,
544 2339 618 2399 lens.
641 2339 818 2418 quorundam
839 2339 939 2398 caules
961 2357 1102 2416 spargun-

91 2432 137 2483 tur
153 2424 182 2482 iu
199 2433 316 2501 terram,
330 2427 355 2484 si
372 2443 429 2485 non
447 2425 572 2485 habeant
595 2423 805 2498 adminiculum,
820 2432 850 2482 ut
863 2421 931 2501 pici.
950 2420 1004 2482 ndi
1020 2439 1101 2480 soan-

91 2509 159 2568 dant
174 2509 228 2566 nisi
242 2508 383 2584 habuere,
400 2509 440 2549 **
464 2517 513 2568 aut
529 2508 676 2567 deteriora
691 2507 769 2565 liunt
800 2507 975 2584 leguminum
987 2507 1101 2564 unican-

91 2590 127 2649 lis
143 2591 210 2650 laba
228 2593 309 2668 sola,
324 2611 397 2651 nnus
412 2601 442 2651 et
457 2592 580 2670 lupinis,
597 2591 651 2650 sed
668 2592 776 2649 ceteris
797 2608 929 2650 ramosus
952 2589 1102 2669 praetenui

91 2673 221 2750 surculo,
239 2676 371 2735 omnibus
385 2692 457 2734 vero
474 2675 632 2734 fistulosus.
669 2673 781 2733 Folium
797 2675 939 2753 quaedam
951 2672 987 2735 ab
1003 2673 1103 2732 radice
1110 2677 1145 2732 58

56 2756 216 2832 comittunt,
234 2759 375 2837 quaedam
391 2777 407 2819 a
424 2759 582 2818 cacumine.
617 2757 789 2817 frumentum
805 2766 834 2818 et
855 2759 994 2818 hordeum
1013 2757 1101 2815 vicia-

92 2859 149 2918 que
166 2850 195 2900 et
212 2842 349 2919 quidquid
365 2845 394 2901 in
414 2842 520 2922 stipula
544 2842 638 2902 estin
661 2843 809 2902 cacumine
831 2861 915 2901 unum
935 2840 1035 2900 lolium
1052 2838 1102 2898 ha·

90 2924 142 2985 bet
156 2959 197 2970 -
216 2925 269 2984 sed
284 2925 396 2984 hordeo
419 2926 524 2986 scabra
541 2933 622 3000 sunt,
639 2927 747 2985 ceteris
764 2926 840 2985 levia
856 2961 915 3000 —,
933 2920 1102 3000 multiplicia

92 3019 193 3070 contra
224 3009 308 3084 faba,
341 3011 435 3088 cicer,
465 3012 568 3088 pisum.
612 3007 775 3069 Frumentis
802 3009 903 3068 lolium
932 3006 1102 3067 harundina-

92 3111 193 3170 ceum,
215 3093 302 3153 fabae
323 3092 445 3152 rotunda
464 3101 494 3152 et
511 3110 632 3169 magnae
654 3094 829 3170 leguminum
852 3093 943 3169 parti,
969 3090 1103 3167 longiora

55 3199 81 3245 as
93 3178 214 3237 erviliae
231 3186 261 3236 ct
276 3178 353 3255 piso,
371 3174 513 3253 phasiolis
524 3193 646 3251 venosa,
660 3178 783 3236 sesimae
796 3184 825 3245 et
836 3177 920 3234 irioni
935 3175 1101 3251 sanguinea.

91 3259 205 3322 Cadunt
222 3261 293 3321 folia
312 3260 413 3338 lupino
432 3268 539 3319 tantum
555 3267 584 3318 et
596 3261 745 3337 papaveri.
776 3259 922 3336 legumina
934 3260 1039 3319 diutius
1051 3255 1102 3313 do·
1113 3261 1146 3316 59

90 3353 172 3421 rent,
197 3354 227 3404 et
244 3363 282 3404 ex
297 3345 342 3404 his
361 3360 461 3404 ervom
477 3361 512 3403 ac
529 3342 619 3417 cicer,
639 3343 691 3402 sed
707 3343 865 3402 diutissime
887 3342 954 3401 laba
974 3352 1020 3400 XL
1043 3336 1103 3396 die·

89 3425 161 3504 bus,
182 3445 240 3488 non
256 3437 352 3488 antem
365 3428 472 3506 singuli
489 3427 572 3505 scapi
586 3424 708 3503 tamdiu,
732 3429 864 3504 qnoniam
880 3426 937 3484 alio
954 3423 1104 3482 desinente
