2422 3840
302 218 381 267 nar.
398 219 489 266 11111.
505 219 576 267 xvr.
592 214 713 269 38-39.
729 208 881 285 (ta—75.)
1049 206 1089 268 35

10 414 12 421 ,
92 390 148 452 qua
176 370 339 432 dedolanda
366 371 453 432 arbos
483 382 625 432 sternatur
651 381 717 432 ante
744 374 837 434 editos
869 392 937 434 suos
968 374 1088 432 fructus.

14 460 17 465 ’
91 455 192 517 Robur
213 473 284 515 vere
300 473 416 514 caesum
436 456 595 515 teredinem
616 457 717 532 sentit,
736 455 835 517 bruma
858 468 952 517 autem
972 475 1068 535 neque
1082 467 1132 521 189

10 602 14 607 ,
91 541 208 600 vitiatur
227 556 323 617 neque
343 539 501 617 pandatur,
525 539 596 599 alias
618 540 774 599 obnoxium
798 543 883 602 etiam
905 551 935 601 ut
954 551 1090 619 torqueat

91 641 160 684 sese
189 623 350 700 lindatque,
379 623 455 701 quod
480 623 508 683 in
534 623 639 682 subere
665 626 839 702 tempestive
862 641 979 704 quoque
1000 643 1089 685 caeso

66 707 198 768 sevenit.
231 706 371 766 lniinitum
388 707 479 766 relert
497 715 527 766 11
542 706 648 765 lunaris
662 707 747 784 ratio,
763 726 819 766 nec
832 709 885 766 nisi
900 727 916 767 a
930 710 1070 767 vicesima
1082 717 1133 770 190

90 793 120 851 in
135 791 309 851 tricesimam
324 790 408 850 caedi
421 791 530 850 volunt.
562 792 637 849 iuter
652 793 745 850 omnis
759 809 830 850 vero
849 793 982 850 convenit
997 790 1088 850 utilis·

92 875 163 934 sune
178 876 206 932 in
221 874 299 933 coitu
315 876 378 933 eius
391 875 490 949 sterni,
506 891 591 951 quem
606 873 682 933 diem
693 874 741 935 alii
755 874 900 951 interluni,
914 875 962 934 elii
978 875 1089 934 silentis

91 959 177 1018 lunae
193 956 350 1035 appellant.
382 958 425 1016 sic
440 966 521 1016 certe
533 957 667 1017 Tiberius
676 957 785 1019 Caesar
798 968 983 1018 concremato
1000 967 1089 1036 ponte

92 1041 304 1100 naumachiario
325 1041 430 1102 larices
455 1041 490 1101 ad
507 1042 715 1101 restituendum
738 1042 820 1102 caedi
841 1045 870 1102 in
884 1042 987 1102 Raetia
1005 1060 1091 1120 prae-

57 1140 83 1181 ro
96 1124 195 1184 linivit.
222 1123 335 1203 quidam
350 1125 446 1184 dicunt
462 1134 491 1183 ut
505 1125 534 1184 in
550 1127 627 1184 coitu
646 1135 675 1184 et
688 1127 741 1186 sub
757 1135 835 1186 terra
850 1129 887 1186 sit
902 1127 977 1201 luna,
991 1126 1068 1204 quod
1081 1133 1132 1188 191

94 1207 157 1268 lieri
178 1224 235 1266 non
261 1217 359 1286 potest
381 1208 435 1267 nisi
456 1218 553 1268 noctu.
598 1210 623 1268 si
645 1218 799 1288 conpetant
827 1212 920 1270 coitus
942 1212 970 1269 in
992 1211 1088 1269 novis·

93 1292 192 1351 simum
210 1292 286 1351 diem
301 1291 430 1367 brumae,
446 1291 546 1352 illusit
563 1301 682 1352 aeterna
696 1294 842 1370 materies,
858 1312 1010 1372 proxume,
1025 1311 1090 1353 cum

86 1391 180 1453 'supra
196 1375 280 1434 dictis
296 1374 448 1434 sideribus.
481 1375 595 1453 quidam
616 1385 645 1434 et
665 1379 744 1435 canis
768 1386 861 1436 ortum
879 1378 985 1438 addunt
1001 1388 1030 1436 et
1047 1379 1090 1436 sic

93 1475 195 1518 caesas
210 1459 345 1517 materies
357 1459 385 1516 in
400 1459 493 1517 iorum
507 1457 675 1534 Augustum.
697 1459 760 1518 Neo
774 1461 910 1519 novellae
925 1461 1132 1523 autemad192

56 1544 242 1607 inmateriem
261 1558 316 1599 nec
336 1550 454 1600 veteres
477 1541 656 1599 utilissimae.
694 1543 879 1601 circumcisas
908 1559 1025 1621 quoque
1053 1542 1089 1602 ad

91 1623 246 1686 medullam
258 1623 346 1701 aliqui
360 1640 418 1683 non
429 1624 565 1683 inutiliter
578 1623 730 1699 relincunt,
747 1634 778 1683 ut
790 1625 880 1684 omnis
892 1643 975 1684 umor
990 1628 1088 1686 stanti·

92 1709 147 1769 bus
163 1705 278 1767 defluat.
313 1705 414 1767 llirum
437 1708 512 1785 apud
526 1708 659 1784 antiquos
674 1709 766 1785 primo
784 1708 891 1768 Punico
911 1709 992 1768 bello
1014 1711 1088 1769 clas·

93 1810 154 1852 seru
169 1790 257 1850 Duilli
274 1791 455 1869 imperatoris
472 1791 507 1850 ab
520 1790 625 1850 arbore
639 1805 695 1850 Lx.
714 1792 760 1851 die
775 1793 970 1869 navigavisse,
988 1802 1089 1852 contra

92 1893 164 1934 vero
178 1873 333 1935 Hieronem
349 1893 451 1952 regern
467 1887 558 1934 ccxx
571 1876 653 1934 11111
668 1875 788 1936 effectas
805 1875 906 1935 diebus
917 1891 988 1937 xuv
1002 1879 1089 1937 tradit

56 1957 124 2024 2011·
141 1958 217 2018 Piso.
249 1959 378 2018 secundo
395 1975 512 2037 quoque
526 1958 634 2017 Punico
651 1960 794 2038 Scipionis
816 1961 920 2020 classis
934 1975 990 2020 XL.
1009 1962 1054 2021 die
1072 1978 1088 2018 a

93 2042 189 2100 securi
204 2043 358 2118 navigavit.
387 2051 498 2102 tantum
509 2043 717 2120 tempestivitas
729 2045 814 2103 etiam
827 2045 855 2102 in
869 2044 970 2123 rapida
983 2044 1087 2104 celeri-

92 2132 151 2184 tate
166 2125 269 2201 pollet.

157 2206 240 2283 (75.)
275 2202 348 2264 (lato
363 2204 507 2264 hominum
522 2224 646 2264 summus
666 2208 693 2265 in
716 2211 791 2268 omni
813 2228 866 2268 usu
883 2210 919 2269 de
940 2212 1067 2269 materiis
1079 2219 1131 2273 193

92 2289 167 2348 haec
190 2289 292 2348 adicit:
322 2288 465 2348 Prelum
490 2307 535 2347 ex
559 2289 722 2367 sappino
749 2300 828 2350 atra
856 2294 1088 2369 potissimum

54 2372 221 2438 11111110.
260 2372 432 2447 ulmeam,
467 2372 624 2451 pineam,
655 2389 821 2448 nuceam,
855 2374 949 2434 hanc
979 2383 1087 2451 atque

94 2455 201 2516 aliam
222 2457 411 2517 materiam
436 2474 589 2530 omnem,
617 2472 691 2515 cum
715 2456 894 2532 eiiodies,
922 2457 1006 2517 luna
1026 2457 1087 2517 de·

94 2549 293 2599 crescente
312 2540 465 2600 eximito
481 2538 770 2618 postmeridiem
792 2541 873 2599 sine
895 2550 1004 2600 vento
1028 2559 1087 2600 au·

92 2631 182 2681 stro.
211 2632 282 2682 tunr
303 2624 376 2683 erit
395 2625 641 2702 tempestiva,
666 2640 740 2681 cum
757 2641 881 2683 semen
905 2641 1086 2684 suumma-

92 2713 207 2764 turum
231 2706 313 2764 erit.
346 2716 556 2786 cavetoque
578 2724 645 2784 per
665 2722 785 2765 rorem
806 2708 932 2768 trahas
949 2718 1008 2768 aut
1024 2710 1085 2769 do·

57 2787 159 2852 aoles.
188 2787 323 2867 idemque
339 2805 422 2849 mox:
440 2789 768 2849 Nisiintermestri
784 2791 944 2871 lun'aque
966 2792 1129 2855 dimi-194

93 2870 607 2949 diatonetang'asmateriem.
636 2875 1085 2953 tumeiiodiasautprae·

94 2953 194 3015 cidas
209 2954 275 3032 abs
294 2964 405 3014 terra.
422 2955 552 3015 diebus
568 2967 711 3035 septem
726 2959 934 3034 proxumis,
952 2957 1086 3037 quibus

92 3037 175 3098 luna
195 3038 306 3115 plena
326 3038 457 3113 fuerit,
481 3047 627 3116 optume
644 3041 826 3101 eximitur.
870 3043 1013 3100 omniuo
1031 3061 1087 3103 ca·

91 3129 179 3180 veto
207 3123 242 3181 ni
265 3138 366 3201 quarn
387 3124 574 3182 materiam
594 3123 702 3182 doles
723 3141 815 3184 neve
838 3126 974 3186 caedas
995 3144 1087 3187 neve

56 3212 224 3280 astangas
244 3205 485 3280 nisisiccam,
508 3223 598 3264 neve
620 3206 891 3284 gelidamneve
912 3211 1085 3270 rorulen-

92 3295 169 3347 tam.
203 3288 335 3348 Tiberius
355 3288 431 3348 idem
453 3297 481 3347 et
502 3290 530 3347 in
555 3290 661 3368 capillo
681 3291 828 3352 tondendo
849 3296 976 3354 11111111
1001 3296 1086 3351 inter-

93 3370 179 3430 lunia.
209 3371 247 3431 ll.
263 3372 357 3432 Varro
373 3373 513 3433 adversus
530 3372 653 3433 defluvia
668 3376 820 3454 praecepit
832 3374 1043 3437 observandum
1057 3372 1086 3432 id

93 3472 110 3513 a
125 3454 300 3532 pleniluniis.

879 3538 897 3598 3
910 3537 927 3579 1
