2422 3840
123 189 182 252 158
476 197 508 244 o.
524 197 621 244 rurur
638 197 787 244 saeuum

120 357 227 433 lanugo
239 363 333 415 netur.
357 370 414 413 nec
425 352 483 412 ulla
501 361 567 412 sunt
584 370 646 411 oum
664 350 790 411 candore
808 351 945 413 molliora
959 350 1136 429 periurare.

78 449 219 505 maestes
229 437 296 498 indo
307 435 509 497 sacerdotibus
521 436 650 514 Aegypti
667 436 856 511 gratissimae.
890 444 1021 513 quartum
1038 451 1138 511 genus

121 525 286 584 othoninum
297 519 456 599 appellant.
485 521 516 579 iit
535 538 551 578 e
572 520 692 598 palustri
711 520 791 579 uelut
801 519 975 594 harundine,
988 517 1138 578 dumtaxat

121 608 255 686 panicula
272 606 343 664 eius.
374 604 446 662 Asia
464 622 480 663 ε
500 604 614 680 genista
627 602 696 663 facit
715 603 770 662 liua
789 603 825 662 ad
842 605 916 664 retia
932 603 1096 681 praecipue
1108 603 1137 660 in

122 690 261 770 piscando
274 688 413 764 durantia,
426 687 531 746 frutice
541 685 704 746 madefacto
719 685 820 746 decern
834 685 950 763 diebus,
967 685 1162 763 Aethiopest

82 793 111 837 n,
123 793 146 827 ss
161 774 280 852 lndique
293 790 310 831 e
322 772 414 848 malis,
426 770 541 831 Arabes
554 769 753 830 cucurbitisin
768 769 937 855 arboribus,
956 779 985 829 ut
1002 767 1138 845 diximus,

143 862 237 921 enitis.
1210 901 1211 918 r

79 881 142 1012 mg
182 941 245 1021 (3.)
265 938 352 1017 Apud
364 955 419 997 nos
430 937 577 997 maturitas
589 938 650 996 eius
665 935 777 996 duobus
793 938 970 1013 argumentis
986 936 1138 1014 intellegi·
1210 922 1211 1000 ?

120 1039 176 1102 tur,
189 1028 395 1085 intumescente
408 1022 516 1080 semiue
528 1029 576 1080 aut
589 1021 690 1080 colore
702 1020 889 1081 flavescente.
922 1030 980 1080 tum
999 1021 1139 1080 evolsum
1209 1019 1211 1098 Τ

121 1113 190 1171 etin
208 1104 365 1167 fasciculos
381 1103 520 1164 manualis
536 1103 711 1180 conligatum
730 1106 901 1165 siccatorio
920 1105 983 1164 sole
1002 1103 1172 1182 pendanum

122 1191 273 1254 conuersis
290 1205 416 1265 superne
432 1186 577 1248 radicibus
594 1205 650 1248 uno
669 1187 731 1263 die,
748 1205 817 1247 mox
837 1191 960 1266 quinque
980 1187 1046 1248 aliis
1066 1205 1138 1247 con·

120 1275 215 1338 trariis
231 1275 261 1331 iu
279 1289 311 1331 se
328 1271 447 1330 fascium
466 1270 674 1348 cacuminibus,
694 1280 723 1329 ut
739 1290 837 1331 semen
855 1276 884 1331 in
899 1271 1022 1332 medium
1040 1271 1137 1331 cadat.

120 1363 195 1420 inter
206 1354 393 1416 medicamina
408 1355 474 1415 huic
493 1357 537 1414 vis
556 1364 584 1414 et
601 1356 629 1413 in
652 1354 776 1433 quodam
796 1358 904 1415 rustico
926 1373 961 1415 ae
984 1354 1139 1433 praedulci

121 1442 221 1504 ltaliae
236 1439 448 1518 transpadanae
468 1438 551 1515 cibo,
574 1439 627 1498 sed
648 1439 828 1517 iampridem
851 1457 999 1499 sacrorum
1026 1447 1138 1498 tantum

77 1536 113 1592 17
119 1529 222 1605 gratia.
249 1523 353 1583 deinde
370 1530 438 1602 post
449 1541 573 1583 messem
588 1523 727 1583 triticeam
746 1525 847 1599 virgae
864 1524 946 1601 ipsae
965 1531 1139 1598 merguntur
1150 1541 1174 1582 rs

121 1613 149 1671 in
161 1626 263 1688 aquam
276 1606 387 1667 solibus
398 1607 587 1685 tepefactam,
602 1606 732 1684 pondere
752 1602 848 1684 aliquo
868 1606 1046 1684 depressae,
1064 1607 1140 1667 nulli

122 1697 196 1755 euim
208 1693 312 1752 levitas
328 1692 428 1750 maior.
460 1699 620 1750 maceratas
636 1690 741 1751 indicio
759 1699 804 1749 est
820 1689 984 1750 membrana
998 1688 1140 1767 laxatior,

121 1781 282 1853 iterumque
301 1777 435 1833 inversae
455 1782 486 1832 nt
504 1774 583 1851 prius
595 1774 659 1833 sole
681 1775 841 1851 siccantur,
858 1791 927 1833 mox
945 1773 1096 1832 arefactae
1111 1773 1140 1833 in

122 1878 193 1921 saxo
207 1857 359 1919 tunduntur
376 1857 526 1934 stuppario
539 1856 654 1916 mallen.
678 1858 754 1934 quod
773 1874 942 1935 proxumum
960 1857 1063 1916 cortici
1075 1855 1140 1933 fuit,

121 1953 225 2021 stuppa
244 1938 423 2017 appellatur,
443 1940 596 1998 deterioris
618 1939 682 2016 lini,
700 1941 881 2000 lucernarum
901 1941 965 1999 fere
982 1939 1140 1999 luminibus
1149 1958 1175 1999 no

121 2028 224 2105 aptior.
245 2032 273 2082 et
286 2025 348 2100 ipsa
361 2031 456 2081 tamen
468 2024 593 2100 pectitur
604 2023 710 2083 ferreis
722 2025 822 2100 hamis,
837 2025 930 2085 donee
943 2025 1035 2083 omnis
1047 2041 1139 2083 mem·

80 2105 1139 2184 18branadecorticetur.medullaenumerosiordistiuotiocandore,mol·

122 2194 191 2254 litia.
215 2191 342 2251 cortices
355 2207 471 2268 quoque
483 2189 598 2250 decussi
611 2191 731 2252 clibanis
745 2202 774 2251 et
785 2193 876 2251 furnis
890 2191 1032 2270 praebent
1044 2209 1138 2250 nsum.

122 2296 169 2338 ars
182 2273 357 2353 depectendi
368 2273 575 2352 digerendique
587 2309 630 2320 --
641 2276 742 2334 iustum
755 2294 771 2334 e
786 2275 998 2354 quinquagenis
1013 2274 1139 2335 fascium

121 2361 203 2422 libris
215 2361 316 2437 quinas
334 2358 422 2418 denas
441 2359 591 2418 earminari
604 2393 662 2433 -,
690 2359 834 2436 linumque
853 2377 924 2418 nere
945 2367 974 2417 et
993 2360 1065 2418 uiris
1083 2357 1136 2417 de·
1148 2373 1174 2415 ns

124 2461 222 2504 corum
235 2451 288 2501 est.
311 2442 412 2501 iterum
427 2441 532 2500 deinde
545 2442 573 2500 in
583 2441 632 2501 blo
640 2441 762 2520 politur,
773 2442 886 2501 inlisum
898 2440 1004 2502 crebro
1013 2441 1089 2501 silici
1099 2461 1140 2501 err

8 2565 14 2579 ,
123 2544 207 2604 aqua,
222 2533 387 2602 textumque
399 2542 500 2583 rursus
512 2523 636 2584 tunditur
648 2524 755 2602 clauis,
776 2543 892 2604 semper
903 2526 1005 2584 iniuria
1020 2525 1137 2585 melius.

79 2619 113 2674 19
186 2608 248 2686 (4.)
268 2607 416 2667 Inventum
428 2610 483 2667 iam
498 2617 543 2666 est
559 2610 643 2668 etiam
664 2609 740 2687 quod
758 2609 873 2684 ignibus
891 2626 949 2668 non
969 2608 1137 2669 absumere·

121 2699 175 2750 tur.
210 2691 346 2749 vivomid
362 2700 474 2765 vocant,
492 2689 676 2769 ardentisque
688 2694 716 2750 in
731 2692 807 2752 focis
826 2693 1024 2752 conviviorum
1042 2711 1080 2752 ex
1098 2709 1136 2751 eo

122 2773 241 2834 vidimus
263 2790 382 2851 mappas
405 2772 538 2833 sordibus
562 2777 671 2834 exustis
698 2774 931 2852 splendescentis
954 2777 1014 2852 igni
1041 2777 1172 2852 magistu

123 2876 207 2936 quam
222 2865 343 2936 possent
358 2858 448 2934 aquis.
475 2874 576 2932 regum
588 2857 654 2917 inde
666 2856 806 2925 funebres
817 2861 930 2920 tunicae
946 2862 1082 2938 corporis
1093 2859 1136 2919 la·

119 2941 217 3001 villam
230 2940 265 3000 ab
277 2940 391 3017 reliquo
404 2949 541 3017 separant
553 2943 661 3001 cinere.
695 2943 823 3001 nascitur
837 2945 865 3001 in
878 2942 1001 3002 desertis
1013 2942 1136 3002 adustis-

122 3042 178 3102 que
190 3024 255 3083 sole
266 3023 380 3099 Indiae,
392 3023 440 3083 ubi
457 3040 514 3082 non
533 3024 637 3084 cadunt
655 3023 775 3102 imbres,
794 3020 874 3085 inter*
886 3025 963 3085 diras
978 3028 1137 3104 serpentis,

121 3106 323 3183 adsuescitque
336 3109 436 3167 uivere
449 3105 587 3186 ardendo,
599 3127 694 3169 rarum
705 3109 831 3185 inventu,
846 3108 963 3169 difficile
974 3119 1054 3169 textu
1066 3127 1136 3187 pro·

79 3198 186 3269 uopter
202 3189 383 3251 brevitatem.
411 3193 491 3251 rufus
509 3190 546 3251 de
566 3201 666 3252 cetero
682 3192 764 3254 colos
776 3193 955 3272 splendescit
968 3194 1037 3269 igni.
1063 3191 1136 3253 Cum
1146 3207 1173 3249 au

121 3274 265 3333 inventum
284 3284 344 3351 est,
366 3285 470 3355 aequat
485 3277 577 3380 pretia
596 3277 800 3336 excellentium
816 3277 1043 3353 margaritarum.
1082 3295 1135 3336 vo·

123 3366 203 3418 catur
213 3365 305 3417 autern
317 3377 333 3418 a
345 3360 464 3421 Graecis
476 3354 674 3439 ασβέστινον
686 3379 723 3421 er
734 3369 903 3436 argumento
915 3368 1042 3420 naturae.
1055 3360 1134 3421 Ana-

121 3441 213 3502 xilaus
228 3449 328 3503 auctor
344 3454 389 3505 est
405 3446 493 3506 linteo
517 3462 554 3504 eo
575 3443 775 3505 circumdatam
798 3442 933 3504 arborem
955 3443 1048 3504 surdis
1070 3445 1135 3505 icti-
