<?xml version="1.0" encoding="UTF-8"?>
<!DOCTYPE html PUBLIC "-//W3C//DTD XHTML 1.0 Transitional//EN"
    "http://www.w3.org/TR/xhtml1/DTD/xhtml1-transitional.dtd">
<html xmlns="http://www.w3.org/1999/xhtml" xml:lang="en" lang="en">
 <head>
  <title>
</title>
<meta http-equiv="Content-Type" content="text/html;charset=utf-8" />
  <meta name='ocr-system' content='tesseract 3.04.00' />
  <meta name='ocr-capabilities' content='ocr_page ocr_carea ocr_par ocr_line ocrx_word'/>
</head>
<body>
  <div class='ocr_page' id='page_1' title='image "./cplinisecundina04plingoog_0198.png"; bbox 0 0 2422 3840; ppageno 0'>
   <div class='ocr_carea' id='block_1_1' title="bbox 326 169 1099 246">
    <p class='ocr_par' dir='ltr' id='par_1_1' title="bbox 326 169 1099 246">
     <span class='ocr_line' id='line_1_1' title="bbox 326 169 1099 246; baseline 0.001 -17"><span class='ocrx_word' id='word_1_1' title='bbox 326 183 406 230; x_wconf 78' lang='lat' dir='ltr'>nau.</span> <span class='ocrx_word' id='word_1_2' title='bbox 423 182 514 230; x_wconf 81' lang='grc' dir='ltr'>ιιιιι.</span> <span class='ocrx_word' id='word_1_3' title='bbox 531 183 630 229; x_wconf 87' lang='lat' dir='ltr'>xvrrr.</span> <span class='ocrx_word' id='word_1_4' title='bbox 649 179 693 232; x_wconf 75' lang='grc' dir='ltr'>ιι.</span> <span class='ocrx_word' id='word_1_5' title='bbox 715 169 868 246; x_wconf 77' lang='grc' dir='ltr'>(ιι-68.)</span> <span class='ocrx_word' id='word_1_6' title='bbox 1041 169 1099 230; x_wconf 85' lang='grc'>139</span> 
     </span>
    </p>
   </div>
   <div class='ocr_carea' id='block_1_2' title="bbox 57 332 1144 3156">
    <p class='ocr_par' dir='ltr' id='par_1_2' title="bbox 93 332 1142 662">
     <span class='ocr_line' id='line_1_2' title="bbox 93 332 1100 412; baseline -0.002 -16"><span class='ocrx_word' id='word_1_7' title='bbox 93 336 166 396; x_wconf 89' lang='lat' dir='ltr'>utin</span> <span class='ocrx_word' id='word_1_8' title='bbox 185 335 273 394; x_wconf 90' lang='lat' dir='ltr'>astris</span> <span class='ocrx_word' id='word_1_9' title='bbox 291 334 432 411; x_wconf 77' lang='lat' dir='ltr'>pingitur,</span> <span class='ocrx_word' id='word_1_10' title='bbox 455 333 490 393; x_wconf 92' lang='lat' dir='ltr'>ad</span> <span class='ocrx_word' id='word_1_11' title='bbox 512 342 623 392; x_wconf 90' lang='lat' dir='ltr'>aestum</span> <span class='ocrx_word' id='word_1_12' title='bbox 639 351 819 411; x_wconf 79' lang='lat' dir='ltr'><strong>magnopere</strong></span> <span class='ocrx_word' id='word_1_13' title='bbox 839 334 1003 412; x_wconf 81' lang='lat' dir='ltr'><strong>pertinens,</strong></span> <span class='ocrx_word' id='word_1_14' title='bbox 1026 332 1100 394; x_wconf 91' lang='lat' dir='ltr'>sicut</span> 
     </span>
     <span class='ocr_line' id='line_1_3' title="bbox 94 414 1142 499; baseline 0 -20"><span class='ocrx_word' id='word_1_15' title='bbox 94 419 181 499; x_wconf 91' lang='lat' dir='ltr'>paulo</span> <span class='ocrx_word' id='word_1_16' title='bbox 197 434 265 476; x_wconf 84' lang='lat' dir='ltr'>mox</span> <span class='ocrx_word' id='word_1_17' title='bbox 281 416 460 476; x_wconf 81' lang='lat' dir='ltr'><strong>docebimus.</strong></span> <span class='ocrx_word' id='word_1_18' title='bbox 491 429 556 475; x_wconf 91' lang='lat'><em>1111.</em></span> <span class='ocrx_word' id='word_1_19' title='bbox 573 433 663 477; x_wconf 88' lang='lat' dir='ltr'>nonas</span> <span class='ocrx_word' id='word_1_20' title='bbox 682 414 837 477; x_wconf 81' lang='lat' dir='ltr'><strong>Chaldaeis</strong></span> <span class='ocrx_word' id='word_1_21' title='bbox 854 434 962 477; x_wconf 91' lang='lat' dir='ltr'>corona</span> <span class='ocrx_word' id='word_1_22' title='bbox 982 434 1031 477; x_wconf 91' lang='lat' dir='ltr'>oc·</span> <span class='ocrx_word' id='word_1_23' title='bbox 1040 439 1076 473; x_wconf 77' lang='grc' dir='ltr'>ιιι</span> <span class='ocrx_word' id='word_1_24' title='bbox 1090 427 1142 482; x_wconf 76' lang='lat'>269</span> 
     </span>
     <span class='ocr_line' id='line_1_4' title="bbox 95 498 1099 579; baseline -0.001 -17"><span class='ocrx_word' id='word_1_25' title='bbox 95 503 163 562; x_wconf 80' lang='lat' dir='ltr'>cidit</span> <span class='ocrx_word' id='word_1_26' title='bbox 185 502 338 576; x_wconf 92' lang='lat' dir='ltr'>matutino,</span> <span class='ocrx_word' id='word_1_27' title='bbox 362 499 476 560; x_wconf 82' lang='lat' dir='ltr'>Atticae</span> <span class='ocrx_word' id='word_1_28' title='bbox 496 498 587 559; x_wconf 91' lang='lat' dir='ltr'>Orion</span> <span class='ocrx_word' id='word_1_29' title='bbox 610 509 687 559; x_wconf 85' lang='lat' dir='ltr'>totus</span> <span class='ocrx_word' id='word_1_30' title='bbox 705 517 742 560; x_wconf 91' lang='lat' dir='ltr'>eo</span> <span class='ocrx_word' id='word_1_31' title='bbox 761 500 807 560; x_wconf 91' lang='lat' dir='ltr'>die</span> <span class='ocrx_word' id='word_1_32' title='bbox 831 501 969 559; x_wconf 89' lang='lat' dir='ltr'>exoritur.</span> <span class='ocrx_word' id='word_1_33' title='bbox 1006 502 1099 579; x_wconf 84' lang='lat' dir='ltr'>pridie</span> 
     </span>
     <span class='ocr_line' id='line_1_5' title="bbox 94 581 1098 662; baseline -0.002 -17"><span class='ocrx_word' id='word_1_34' title='bbox 94 584 157 645; x_wconf 90' lang='lat' dir='ltr'>idos</span> <span class='ocrx_word' id='word_1_35' title='bbox 178 582 264 644; x_wconf 89' lang='lat' dir='ltr'>lulias</span> <span class='ocrx_word' id='word_1_36' title='bbox 286 583 423 661; x_wconf 74' lang='lat' dir='ltr'>Aegypto</span> <span class='ocrx_word' id='word_1_37' title='bbox 442 581 531 641; x_wconf 90' lang='lat' dir='ltr'>Orion</span> <span class='ocrx_word' id='word_1_38' title='bbox 550 582 654 643; x_wconf 87' lang='lat' dir='ltr'>desinit</span> <span class='ocrx_word' id='word_1_39' title='bbox 674 583 799 659; x_wconf 80' lang='lat' dir='ltr'>exoriri,</span> <span class='ocrx_word' id='word_1_40' title='bbox 826 596 897 642; x_wconf 66' lang='lat' dir='ltr'>xvt,</span> <span class='ocrx_word' id='word_1_41' title='bbox 919 583 977 643; x_wconf 85' lang='lat' dir='ltr'>kal.</span> <span class='ocrx_word' id='word_1_42' title='bbox 1001 584 1098 662; x_wconf 80' lang='lat' dir='ltr'>Augu·</span> 
     </span>
    </p>

    <p class='ocr_par' dir='ltr' id='par_1_3' title="bbox 69 664 1142 1078">
     <span class='ocr_line' id='line_1_6' title="bbox 69 664 1099 746; baseline 0.004 -23"><span class='ocrx_word' id='word_1_43' title='bbox 69 683 82 723; x_wconf 87' lang='grc' dir='ltr'>ι</span> <span class='ocrx_word' id='word_1_44' title='bbox 96 677 156 728; x_wconf 90' lang='lat' dir='ltr'>stas</span> <span class='ocrx_word' id='word_1_45' title='bbox 167 667 306 742; x_wconf 77' lang='lat' dir='ltr'>Assyriae</span> <span class='ocrx_word' id='word_1_46' title='bbox 318 683 450 745; x_wconf 79' lang='lat' dir='ltr'>procyon</span> <span class='ocrx_word' id='word_1_47' title='bbox 463 668 602 742; x_wconf 85' lang='lat' dir='ltr'>exoritur,</span> <span class='ocrx_word' id='word_1_48' title='bbox 619 666 685 727; x_wconf 90' lang='lat' dir='ltr'>dein</span> <span class='ocrx_word' id='word_1_49' title='bbox 699 675 767 745; x_wconf 92' lang='lat' dir='ltr'>post</span> <span class='ocrx_word' id='word_1_50' title='bbox 778 664 900 725; x_wconf 91' lang='lat' dir='ltr'>triduum</span> <span class='ocrx_word' id='word_1_51' title='bbox 915 667 978 726; x_wconf 87' lang='lat' dir='ltr'>fere</span> <span class='ocrx_word' id='word_1_52' title='bbox 993 667 1099 746; x_wconf 91' lang='lat' dir='ltr'>ubique</span> 
     </span>
     <span class='ocr_line' id='line_1_7' title="bbox 94 749 1099 828; baseline -0.001 -17"><span class='ocrx_word' id='word_1_53' title='bbox 94 751 260 812; x_wconf 78' lang='lat' dir='ltr'>confessum</span> <span class='ocrx_word' id='word_1_54' title='bbox 275 752 351 809; x_wconf 92' lang='lat' dir='ltr'>inter</span> <span class='ocrx_word' id='word_1_55' title='bbox 366 751 458 808; x_wconf 93' lang='lat' dir='ltr'>omnis</span> <span class='ocrx_word' id='word_1_56' title='bbox 475 750 553 810; x_wconf 93' lang='lat' dir='ltr'>sidus</span> <span class='ocrx_word' id='word_1_57' title='bbox 571 749 700 810; x_wconf 92' lang='lat' dir='ltr'>indicans</span> <span class='ocrx_word' id='word_1_58' title='bbox 715 749 793 828; x_wconf 94' lang='lat' dir='ltr'>quod</span> <span class='ocrx_word' id='word_1_59' title='bbox 810 750 889 827; x_wconf 77' lang='lat' dir='ltr'>cauis</span> <span class='ocrx_word' id='word_1_60' title='bbox 903 758 996 808; x_wconf 91' lang='lat' dir='ltr'>ortum</span> <span class='ocrx_word' id='word_1_61' title='bbox 1012 769 1099 810; x_wconf 91' lang='lat' dir='ltr'>voca-</span> 
     </span>
     <span class='ocr_line' id='line_1_8' title="bbox 91 830 1142 912; baseline 0.003 -17"><span class='ocrx_word' id='word_1_62' title='bbox 91 853 164 910; x_wconf 93' lang='lat' dir='ltr'>mus,</span> <span class='ocrx_word' id='word_1_63' title='bbox 178 833 243 894; x_wconf 93' lang='lat' dir='ltr'>sole</span> <span class='ocrx_word' id='word_1_64' title='bbox 259 843 371 912; x_wconf 88' lang='lat' dir='ltr'>partem</span> <span class='ocrx_word' id='word_1_65' title='bbox 382 834 500 910; x_wconf 88' lang='lat' dir='ltr'>primam</span> <span class='ocrx_word' id='word_1_66' title='bbox 512 831 606 892; x_wconf 90' lang='lat' dir='ltr'>leonis</span> <span class='ocrx_word' id='word_1_67' title='bbox 619 835 765 910; x_wconf 89' lang='lat' dir='ltr'>ingresso.</span> <span class='ocrx_word' id='word_1_68' title='bbox 788 830 853 892; x_wconf 92' lang='lat' dir='ltr'>lloc</span> <span class='ocrx_word' id='word_1_69' title='bbox 863 832 894 890; x_wconf 86' lang='lat' dir='ltr'>fit</span> <span class='ocrx_word' id='word_1_70' title='bbox 906 841 973 909; x_wconf 90' lang='lat' dir='ltr'>post</span> <span class='ocrx_word' id='word_1_71' title='bbox 987 833 1142 897; x_wconf 78' lang='lat' dir='ltr'>scisti-ato</span> 
     </span>
     <span class='ocr_line' id='line_1_9' title="bbox 92 915 1100 991; baseline -0.003 -13"><span class='ocrx_word' id='word_1_72' title='bbox 92 917 350 979; x_wconf 67' lang='lat' dir='ltr'>cinnamonio.</span> <span class='ocrx_word' id='word_1_73' title='bbox 386 916 826 991; x_wconf 86' lang='lat' dir='ltr'>sentruntrdmarraetterrae,</span> <span class='ocrx_word' id='word_1_74' title='bbox 848 915 953 975; x_wconf 89' lang='lat' dir='ltr'>multae</span> <span class='ocrx_word' id='word_1_75' title='bbox 976 933 1047 976; x_wconf 88' lang='lat' dir='ltr'>vero</span> <span class='ocrx_word' id='word_1_76' title='bbox 1071 926 1100 975; x_wconf 92' lang='lat' dir='ltr'>et</span> 
     </span>
     <span class='ocr_line' id='line_1_10' title="bbox 93 998 1142 1084; baseline -0.005 -22"><span class='ocrx_word' id='word_1_77' title='bbox 93 1003 186 1076; x_wconf 89' lang='lat' dir='ltr'>ferae,</span> <span class='ocrx_word' id='word_1_78' title='bbox 203 1009 233 1059; x_wconf 94' lang='lat' dir='ltr'>ut</span> <span class='ocrx_word' id='word_1_79' title='bbox 248 1001 308 1060; x_wconf 91' lang='lat' dir='ltr'>suis</span> <span class='ocrx_word' id='word_1_80' title='bbox 322 1000 396 1059; x_wconf 85' lang='lat' dir='ltr'>loeis</span> <span class='ocrx_word' id='word_1_81' title='bbox 412 998 542 1058; x_wconf 82' lang='lat' dir='ltr'>diximus.</span> <span class='ocrx_word' id='word_1_82' title='bbox 573 1018 669 1078; x_wconf 86' lang='lat' dir='ltr'>neque</span> <span class='ocrx_word' id='word_1_83' title='bbox 692 1009 737 1059; x_wconf 88' lang='lat' dir='ltr'>est</span> <span class='ocrx_word' id='word_1_84' title='bbox 762 1000 855 1058; x_wconf 89' lang='lat' dir='ltr'>minor</span> <span class='ocrx_word' id='word_1_85' title='bbox 877 1000 904 1058; x_wconf 91' lang='lat' dir='ltr'>ei</span> <span class='ocrx_word' id='word_1_86' title='bbox 924 1000 1074 1059; x_wconf 89' lang='lat' dir='ltr'>veneratio</span> <span class='ocrx_word' id='word_1_87' title='bbox 1088 999 1142 1084; x_wconf 53' lang='lat'>&amp;23⁷</span> 
     </span>
    </p>

    <p class='ocr_par' dir='ltr' id='par_1_4' title="bbox 57 1080 1141 1493">
     <span class='ocr_line' id='line_1_11' title="bbox 57 1080 1090 1163; baseline 0.001 -22"><span class='ocrx_word' id='word_1_88' title='bbox 57 1100 177 1163; x_wconf 77' lang='lat' dir='ltr'>acquam</span> <span class='ocrx_word' id='word_1_89' title='bbox 193 1083 369 1161; x_wconf 89' lang='lat' dir='ltr'>descriptis</span> <span class='ocrx_word' id='word_1_90' title='bbox 360 1101 389 1142; x_wconf 88' lang='grc' dir='ltr'>ιιι</span> <span class='ocrx_word' id='word_1_91' title='bbox 412 1082 485 1143; x_wconf 90' lang='lat' dir='ltr'>deos</span> <span class='ocrx_word' id='word_1_92' title='bbox 509 1082 603 1142; x_wconf 90' lang='lat' dir='ltr'>stellis</span> <span class='ocrx_word' id='word_1_93' title='bbox 612 1082 835 1160; x_wconf 88' lang='lat' dir='ltr'>,accenditque</span> <span class='ocrx_word' id='word_1_94' title='bbox 858 1080 951 1141; x_wconf 90' lang='lat' dir='ltr'>solem</span> <span class='ocrx_word' id='word_1_95' title='bbox 976 1093 1005 1142; x_wconf 91' lang='lat' dir='ltr'>et</span> <span class='ocrx_word' id='word_1_96' title='bbox 1033 1101 1090 1142; x_wconf 91' lang='lat' dir='ltr'>ma·</span> 
     </span>
     <span class='ocr_line' id='line_1_12' title="bbox 92 1165 1099 1264; baseline -0.001 -37"><span class='ocrx_word' id='word_1_97' title='bbox 92 1185 177 1246; x_wconf 87' lang='lat' dir='ltr'>gnam</span> <span class='ocrx_word' id='word_1_98' title='bbox 187 1176 285 1226; x_wconf 85' lang='lat' dir='ltr'>aestus</span> <span class='ocrx_word' id='word_1_99' title='bbox 297 1168 407 1244; x_wconf 80' lang='lat' dir='ltr'>optinet</span> <span class='ocrx_word' id='word_1_100' title='bbox 420 1184 545 1227; x_wconf 68' lang='lat' dir='ltr'>causam,</span> <span class='ocrx_word' id='word_1_101' title='bbox 571 1179 648 1227; x_wconf 83' lang='lat' dir='ltr'>xm.</span> <span class='ocrx_word' id='word_1_102' title='bbox 660 1165 718 1227; x_wconf 85' lang='lat' dir='ltr'>bal.</span> <span class='ocrx_word' id='word_1_103' title='bbox 732 1166 855 1243; x_wconf 83' lang='lat' dir='ltr'><strong>August.</strong></span> <span class='ocrx_word' id='word_1_104' title='bbox 868 1166 1006 1264; x_wconf 80' lang='lat' dir='ltr'>Aegypto</span> <span class='ocrx_word' id='word_1_105' title='bbox 1020 1167 1099 1244; x_wconf 91' lang='lat' dir='ltr'>aqui-</span> 
     </span>
     <span class='ocr_line' id='line_1_13' title="bbox 91 1249 1098 1329; baseline -0.003 -18"><span class='ocrx_word' id='word_1_106' title='bbox 91 1251 120 1311; x_wconf 90' lang='lat' dir='ltr'>la</span> <span class='ocrx_word' id='word_1_107' title='bbox 139 1250 246 1310; x_wconf 88' lang='lat' dir='ltr'>occidit</span> <span class='ocrx_word' id='word_1_108' title='bbox 264 1251 401 1310; x_wconf 90' lang='lat' dir='ltr'>matutino</span> <span class='ocrx_word' id='word_1_109' title='bbox 429 1251 641 1328; x_wconf 81' lang='lat' dir='ltr'>etesiarumque</span> <span class='ocrx_word' id='word_1_110' title='bbox 668 1250 816 1327; x_wconf 88' lang='lat' dir='ltr'>prodromi</span> <span class='ocrx_word' id='word_1_111' title='bbox 840 1249 924 1309; x_wconf 87' lang='lat' dir='ltr'>datus</span> <span class='ocrx_word' id='word_1_112' title='bbox 949 1251 1098 1329; x_wconf 91' lang='lat' dir='ltr'>incipiunt,</span> 
     </span>
     <span class='ocr_line' id='line_1_14' title="bbox 92 1330 1141 1413; baseline 0.001 -20"><span class='ocrx_word' id='word_1_113' title='bbox 92 1334 170 1413; x_wconf 92' lang='lat' dir='ltr'>quod</span> <span class='ocrx_word' id='word_1_114' title='bbox 191 1331 301 1393; x_wconf 78' lang='lat' dir='ltr'>Caesar</span> <span class='ocrx_word' id='word_1_115' title='bbox 313 1347 345 1392; x_wconf 88' lang='lat' dir='ltr'>x.</span> <span class='ocrx_word' id='word_1_116' title='bbox 363 1333 504 1393; x_wconf 85' lang='lat' dir='ltr'>kalendas</span> <span class='ocrx_word' id='word_1_117' title='bbox 524 1335 633 1391; x_wconf 90' lang='lat' dir='ltr'>sentire</span> <span class='ocrx_word' id='word_1_118' title='bbox 651 1330 761 1392; x_wconf 89' lang='lat' dir='ltr'>ltaliam</span> <span class='ocrx_word' id='word_1_119' title='bbox 777 1333 958 1392; x_wconf 89' lang='lat' dir='ltr'>existimavit.</span> <span class='ocrx_word' id='word_1_120' title='bbox 989 1333 1141 1412; x_wconf 75' lang='lat' dir='ltr'>aquilaatl</span> 
     </span>
     <span class='ocr_line' id='line_1_15' title="bbox 93 1414 1100 1493; baseline -0.003 -17"><span class='ocrx_word' id='word_1_121' title='bbox 93 1416 209 1476; x_wconf 81' lang='lat' dir='ltr'>Atticae</span> <span class='ocrx_word' id='word_1_122' title='bbox 229 1417 366 1475; x_wconf 91' lang='lat' dir='ltr'>matutino</span> <span class='ocrx_word' id='word_1_123' title='bbox 390 1415 515 1491; x_wconf 87' lang='lat' dir='ltr'>occidit,</span> <span class='ocrx_word' id='word_1_124' title='bbox 543 1428 594 1474; x_wconf 89' lang='lat'>111.</span> <span class='ocrx_word' id='word_1_125' title='bbox 614 1414 673 1474; x_wconf 89' lang='lat' dir='ltr'>kal.</span> <span class='ocrx_word' id='word_1_126' title='bbox 696 1417 778 1491; x_wconf 86' lang='lat' dir='ltr'>regia</span> <span class='ocrx_word' id='word_1_127' title='bbox 806 1419 834 1474; x_wconf 94' lang='lat' dir='ltr'>in</span> <span class='ocrx_word' id='word_1_128' title='bbox 856 1426 979 1493; x_wconf 80' lang='lat' dir='ltr'>pectore</span> <span class='ocrx_word' id='word_1_129' title='bbox 1004 1416 1100 1475; x_wconf 87' lang='lat' dir='ltr'>leonis</span> 
     </span>
    </p>

    <p class='ocr_par' dir='ltr' id='par_1_5' title="bbox 58 1497 1144 3156">
     <span class='ocr_line' id='line_1_16' title="bbox 58 1497 1100 1575; baseline -0.007 -12"><span class='ocrx_word' id='word_1_130' title='bbox 58 1499 180 1564; x_wconf 77' lang='lat' dir='ltr'>rastello</span> <span class='ocrx_word' id='word_1_131' title='bbox 199 1501 336 1558; x_wconf 90' lang='lat' dir='ltr'>matutino</span> <span class='ocrx_word' id='word_1_132' title='bbox 365 1497 484 1557; x_wconf 80' lang='lat' dir='ltr'>Caesari</span> <span class='ocrx_word' id='word_1_133' title='bbox 506 1498 637 1573; x_wconf 87' lang='lat' dir='ltr'>emergit.</span> <span class='ocrx_word' id='word_1_134' title='bbox 675 1511 750 1558; x_wconf 67' lang='lat' dir='ltr'>vrrt,</span> <span class='ocrx_word' id='word_1_135' title='bbox 777 1498 841 1558; x_wconf 91' lang='lat' dir='ltr'>idus</span> <span class='ocrx_word' id='word_1_136' title='bbox 863 1497 938 1575; x_wconf 81' lang='lat' dir='ltr'>Aug.</span> <span class='ocrx_word' id='word_1_137' title='bbox 969 1507 1100 1557; x_wconf 91' lang='lat' dir='ltr'>arcturus</span> 
     </span>
     <span class='ocr_line' id='line_1_17' title="bbox 92 1580 1099 1660; baseline -0.005 -17"><span class='ocrx_word' id='word_1_138' title='bbox 92 1581 204 1642; x_wconf 89' lang='lat' dir='ltr'>medius</span> <span class='ocrx_word' id='word_1_139' title='bbox 222 1581 339 1660; x_wconf 89' lang='lat' dir='ltr'>occidit,</span> <span class='ocrx_word' id='word_1_140' title='bbox 355 1594 404 1640; x_wconf 88' lang='lat'>111.</span> <span class='ocrx_word' id='word_1_141' title='bbox 421 1581 484 1640; x_wconf 91' lang='lat' dir='ltr'>idus</span> <span class='ocrx_word' id='word_1_142' title='bbox 499 1580 615 1640; x_wconf 85' lang='lat' dir='ltr'>fidicula</span> <span class='ocrx_word' id='word_1_143' title='bbox 631 1597 739 1639; x_wconf 91' lang='lat' dir='ltr'>occasu</span> <span class='ocrx_word' id='word_1_144' title='bbox 755 1599 807 1640; x_wconf 91' lang='lat' dir='ltr'>suo</span> <span class='ocrx_word' id='word_1_145' title='bbox 823 1590 984 1640; x_wconf 90' lang='lat' dir='ltr'>autumnum</span> <span class='ocrx_word' id='word_1_146' title='bbox 1000 1580 1099 1640; x_wconf 81' lang='lat' dir='ltr'>incho-</span> 
     </span>
     <span class='ocr_line' id='line_1_18' title="bbox 93 1663 1100 1740; baseline -0.003 -15"><span class='ocrx_word' id='word_1_147' title='bbox 93 1675 137 1740; x_wconf 92' lang='lat' dir='ltr'>at,</span> <span class='ocrx_word' id='word_1_148' title='bbox 154 1665 194 1724; x_wconf 94' lang='lat' dir='ltr'>uti</span> <span class='ocrx_word' id='word_1_149' title='bbox 212 1665 236 1724; x_wconf 93' lang='lat' dir='ltr'>is</span> <span class='ocrx_word' id='word_1_150' title='bbox 254 1664 381 1724; x_wconf 88' lang='lat' dir='ltr'>adnotat.</span> <span class='ocrx_word' id='word_1_151' title='bbox 408 1663 461 1723; x_wconf 92' lang='lat' dir='ltr'>scd</span> <span class='ocrx_word' id='word_1_152' title='bbox 477 1680 548 1723; x_wconf 89' lang='lat' dir='ltr'>vera</span> <span class='ocrx_word' id='word_1_153' title='bbox 565 1663 639 1722; x_wconf 91' lang='lat' dir='ltr'>ratio</span> <span class='ocrx_word' id='word_1_154' title='bbox 657 1663 685 1723; x_wconf 97' lang='lat' dir='ltr'>id</span> <span class='ocrx_word' id='word_1_155' title='bbox 701 1664 765 1723; x_wconf 93' lang='lat' dir='ltr'>lieri</span> <span class='ocrx_word' id='word_1_156' title='bbox 783 1664 891 1724; x_wconf 88' lang='lat' dir='ltr'>invenit</span> <span class='ocrx_word' id='word_1_157' title='bbox 902 1678 947 1724; x_wconf 89' lang='lat' dir='ltr'>vr.</span> <span class='ocrx_word' id='word_1_158' title='bbox 962 1664 1025 1723; x_wconf 87' lang='lat' dir='ltr'>idus</span> <span class='ocrx_word' id='word_1_159' title='bbox 1036 1681 1100 1724; x_wconf 90' lang='lat' dir='ltr'>eas·</span> 
     </span>
     <span class='ocr_line' id='line_1_19' title="bbox 93 1744 1142 1827; baseline -0.004 -18"><span class='ocrx_word' id='word_1_160' title='bbox 93 1749 168 1809; x_wconf 74' lang='lat' dir='ltr'>deur·</span> <span class='ocrx_word' id='word_1_161' title='bbox 197 1748 238 1827; x_wconf 78' lang='grc' dir='ltr'>[ὃ]</span> <span class='ocrx_word' id='word_1_162' title='bbox 264 1744 296 1806; x_wconf 91' lang='lat' dir='ltr'>ln</span> <span class='ocrx_word' id='word_1_163' title='bbox 307 1747 364 1808; x_wconf 90' lang='lat' dir='ltr'>boo</span> <span class='ocrx_word' id='word_1_164' title='bbox 375 1748 516 1825; x_wconf 90' lang='lat' dir='ltr'>temporis</span> <span class='ocrx_word' id='word_1_165' title='bbox 530 1746 684 1807; x_wconf 88' lang='lat' dir='ltr'>intervallo</span> <span class='ocrx_word' id='word_1_166' title='bbox 699 1766 749 1808; x_wconf 88' lang='lat' dir='ltr'>res</span> <span class='ocrx_word' id='word_1_167' title='bbox 762 1766 869 1808; x_wconf 89' lang='lat' dir='ltr'>summa</span> <span class='ocrx_word' id='word_1_168' title='bbox 881 1748 979 1807; x_wconf 91' lang='lat' dir='ltr'>vitium</span> <span class='ocrx_word' id='word_1_169' title='bbox 990 1748 1142 1825; x_wconf 71' lang='lat' dir='ltr'>agituruia</span> 
     </span>
     <span class='ocr_line' id='line_1_20' title="bbox 93 1830 1142 1909; baseline -0.007 -16"><span class='ocrx_word' id='word_1_170' title='bbox 93 1832 260 1893; x_wconf 89' lang='lat' dir='ltr'>decretorio</span> <span class='ocrx_word' id='word_1_171' title='bbox 277 1833 340 1891; x_wconf 92' lang='lat' dir='ltr'>uvis</span> <span class='ocrx_word' id='word_1_172' title='bbox 356 1831 453 1891; x_wconf 92' lang='lat' dir='ltr'>sidere</span> <span class='ocrx_word' id='word_1_173' title='bbox 469 1830 520 1890; x_wconf 92' lang='lat' dir='ltr'>illo</span> <span class='ocrx_word' id='word_1_174' title='bbox 537 1830 613 1909; x_wconf 90' lang='lat' dir='ltr'>quod</span> <span class='ocrx_word' id='word_1_175' title='bbox 630 1831 789 1891; x_wconf 91' lang='lat' dir='ltr'>caniculam</span> <span class='ocrx_word' id='word_1_176' title='bbox 805 1832 1031 1909; x_wconf 82' lang='lat' dir='ltr'>appellavimus,</span> <span class='ocrx_word' id='word_1_177' title='bbox 1052 1848 1142 1888; x_wconf 57' lang='lat' dir='ltr'>unae</span> 
     </span>
     <span class='ocr_line' id='line_1_21' title="bbox 58 1914 1098 1992; baseline -0.006 -14"><span class='ocrx_word' id='word_1_178' title='bbox 58 1937 85 1978; x_wconf 82' lang='lat' dir='ltr'>ao</span> <span class='ocrx_word' id='word_1_179' title='bbox 95 1916 131 1976; x_wconf 93' lang='lat' dir='ltr'>de</span> <span class='ocrx_word' id='word_1_180' title='bbox 145 1915 353 1976; x_wconf 86' lang='lat' dir='ltr'>carbunculare</span> <span class='ocrx_word' id='word_1_181' title='bbox 364 1916 497 1976; x_wconf 90' lang='lat' dir='ltr'>dicuutur</span> <span class='ocrx_word' id='word_1_182' title='bbox 507 1923 537 1974; x_wconf 90' lang='lat' dir='ltr'>ut</span> <span class='ocrx_word' id='word_1_183' title='bbox 550 1915 675 1992; x_wconf 89' lang='lat' dir='ltr'>quodam</span> <span class='ocrx_word' id='word_1_184' title='bbox 689 1915 815 1975; x_wconf 92' lang='lat' dir='ltr'>uredinis</span> <span class='ocrx_word' id='word_1_185' title='bbox 829 1914 956 1974; x_wconf 88' lang='lat' dir='ltr'>carbone</span> <span class='ocrx_word' id='word_1_186' title='bbox 969 1923 1098 1974; x_wconf 73' lang='lat' dir='ltr'>exustae,</span> 
     </span>
     <span class='ocr_line' id='line_1_22' title="bbox 93 1997 1099 2077; baseline -0.003 -19"><span class='ocrx_word' id='word_1_187' title='bbox 93 2016 151 2058; x_wconf 94' lang='lat' dir='ltr'>non</span> <span class='ocrx_word' id='word_1_188' title='bbox 169 2007 362 2076; x_wconf 86' lang='lat' dir='ltr'>conparantur</span> <span class='ocrx_word' id='word_1_189' title='bbox 377 1998 444 2058; x_wconf 91' lang='lat' dir='ltr'>buic</span> <span class='ocrx_word' id='word_1_190' title='bbox 454 1999 531 2058; x_wconf 90' lang='lat' dir='ltr'>malo</span> <span class='ocrx_word' id='word_1_191' title='bbox 546 1997 712 2075; x_wconf 91' lang='lat' dir='ltr'>grandines,</span> <span class='ocrx_word' id='word_1_192' title='bbox 731 1997 881 2077; x_wconf 88' lang='lat' dir='ltr'>procellae</span> <span class='ocrx_word' id='word_1_193' title='bbox 894 2016 1028 2076; x_wconf 90' lang='lat' dir='ltr'>quaeque</span> <span class='ocrx_word' id='word_1_194' title='bbox 1040 2015 1099 2055; x_wconf 91' lang='lat' dir='ltr'>um·</span> 
     </span>
     <span class='ocr_line' id='line_1_23' title="bbox 95 2081 1099 2160; baseline -0.001 -19"><span class='ocrx_word' id='word_1_195' title='bbox 95 2099 179 2159; x_wconf 89' lang='lat' dir='ltr'>quarn</span> <span class='ocrx_word' id='word_1_196' title='bbox 195 2081 466 2141; x_wconf 90' lang='lat' dir='ltr'>annonaeintulere</span> <span class='ocrx_word' id='word_1_197' title='bbox 483 2083 642 2141; x_wconf 89' lang='lat' dir='ltr'>caritatem.</span> <span class='ocrx_word' id='word_1_198' title='bbox 674 2098 808 2157; x_wconf 89' lang='lat' dir='ltr'>agrorum</span> <span class='ocrx_word' id='word_1_199' title='bbox 824 2083 930 2160; x_wconf 93' lang='lat' dir='ltr'>quippe</span> <span class='ocrx_word' id='word_1_200' title='bbox 944 2081 1017 2140; x_wconf 92' lang='lat' dir='ltr'>mala</span> <span class='ocrx_word' id='word_1_201' title='bbox 1034 2090 1099 2140; x_wconf 90' lang='lat' dir='ltr'>sunt</span> 
     </span>
     <span class='ocr_line' id='line_1_24' title="bbox 93 2162 1100 2241; baseline -0.002 -17"><span class='ocrx_word' id='word_1_202' title='bbox 93 2165 153 2241; x_wconf 91' lang='lat' dir='ltr'>illa,</span> <span class='ocrx_word' id='word_1_203' title='bbox 174 2163 365 2222; x_wconf 88' lang='lat' dir='ltr'>carbunculus</span> <span class='ocrx_word' id='word_1_204' title='bbox 380 2172 474 2222; x_wconf 88' lang='lat' dir='ltr'>autem</span> <span class='ocrx_word' id='word_1_205' title='bbox 487 2164 639 2239; x_wconf 87' lang='lat' dir='ltr'>regionum</span> <span class='ocrx_word' id='word_1_206' title='bbox 656 2162 716 2222; x_wconf 89' lang='lat' dir='ltr'>late</span> <span class='ocrx_word' id='word_1_207' title='bbox 733 2166 899 2240; x_wconf 88' lang='lat' dir='ltr'>patentium,</span> <span class='ocrx_word' id='word_1_208' title='bbox 915 2182 972 2223; x_wconf 92' lang='lat' dir='ltr'>nou</span> <span class='ocrx_word' id='word_1_209' title='bbox 988 2163 1100 2223; x_wconf 85' lang='lat' dir='ltr'>difficili</span> 
     </span>
     <span class='ocr_line' id='line_1_25' title="bbox 94 2243 1101 2322; baseline 0 -17"><span class='ocrx_word' id='word_1_210' title='bbox 94 2243 243 2320; x_wconf 89' lang='lat' dir='ltr'>remedio,</span> <span class='ocrx_word' id='word_1_211' title='bbox 259 2247 313 2305; x_wconf 91' lang='lat' dir='ltr'>nisi</span> <span class='ocrx_word' id='word_1_212' title='bbox 330 2246 495 2305; x_wconf 91' lang='lat' dir='ltr'>calumniari</span> <span class='ocrx_word' id='word_1_213' title='bbox 512 2254 644 2304; x_wconf 91' lang='lat' dir='ltr'>naturam</span> <span class='ocrx_word' id='word_1_214' title='bbox 667 2262 763 2303; x_wconf 93' lang='lat' dir='ltr'>rerum</span> <span class='ocrx_word' id='word_1_215' title='bbox 783 2245 913 2305; x_wconf 88' lang='lat' dir='ltr'>homiues</span> <span class='ocrx_word' id='word_1_216' title='bbox 938 2263 1022 2322; x_wconf 92' lang='lat' dir='ltr'>quam</span> <span class='ocrx_word' id='word_1_217' title='bbox 1046 2245 1101 2305; x_wconf 89' lang='lat' dir='ltr'>sibi</span> 
     </span>
     <span class='ocr_line' id='line_1_26' title="bbox 59 2327 1143 2407; baseline -0.001 -19"><span class='ocrx_word' id='word_1_218' title='bbox 59 2347 87 2388; x_wconf 85' lang='grc' dir='ltr'>ιι</span> <span class='ocrx_word' id='word_1_219' title='bbox 97 2329 241 2407; x_wconf 91' lang='lat' dir='ltr'>prodesse</span> <span class='ocrx_word' id='word_1_220' title='bbox 258 2328 385 2389; x_wconf 85' lang='lat' dir='ltr'>mallent.</span> <span class='ocrx_word' id='word_1_221' title='bbox 413 2328 509 2388; x_wconf 87' lang='lat' dir='ltr'>ferunt</span> <span class='ocrx_word' id='word_1_222' title='bbox 523 2327 737 2402; x_wconf 89' lang='lat' dir='ltr'>Democritum,</span> <span class='ocrx_word' id='word_1_223' title='bbox 754 2329 803 2405; x_wconf 92' lang='lat' dir='ltr'>qui</span> <span class='ocrx_word' id='word_1_224' title='bbox 817 2329 925 2405; x_wconf 93' lang='lat' dir='ltr'>primus</span> <span class='ocrx_word' id='word_1_225' title='bbox 940 2328 1084 2387; x_wconf 85' lang='lat' dir='ltr'>intellexit</span> <span class='ocrx_word' id='word_1_226' title='bbox 1091 2338 1143 2394; x_wconf 72' lang='lat' dir='ltr'>sta</span> 
     </span>
     <span class='ocr_line' id='line_1_27' title="bbox 96 2409 1101 2489; baseline -0.002 -17"><span class='ocrx_word' id='word_1_227' title='bbox 96 2413 279 2489; x_wconf 83' lang='lat' dir='ltr'>ostenditque</span> <span class='ocrx_word' id='word_1_228' title='bbox 301 2414 376 2473; x_wconf 92' lang='lat' dir='ltr'>caeli</span> <span class='ocrx_word' id='word_1_229' title='bbox 398 2431 463 2472; x_wconf 89' lang='lat' dir='ltr'>cum</span> <span class='ocrx_word' id='word_1_230' title='bbox 484 2413 570 2472; x_wconf 91' lang='lat' dir='ltr'>terris</span> <span class='ocrx_word' id='word_1_231' title='bbox 593 2410 781 2485; x_wconf 89' lang='lat' dir='ltr'>societatem,</span> <span class='ocrx_word' id='word_1_232' title='bbox 801 2410 1005 2488; x_wconf 89' lang='lat' dir='ltr'>spernentibus</span> <span class='ocrx_word' id='word_1_233' title='bbox 1026 2409 1101 2470; x_wconf 91' lang='lat' dir='ltr'>banc</span> 
     </span>
     <span class='ocr_line' id='line_1_28' title="bbox 95 2494 1101 2574; baseline -0.005 -17"><span class='ocrx_word' id='word_1_234' title='bbox 95 2514 192 2557; x_wconf 91' lang='lat' dir='ltr'>curam</span> <span class='ocrx_word' id='word_1_235' title='bbox 212 2497 275 2556; x_wconf 88' lang='lat' dir='ltr'>eius</span> <span class='ocrx_word' id='word_1_236' title='bbox 294 2496 521 2574; x_wconf 89' lang='lat' dir='ltr'>opulentissimis</span> <span class='ocrx_word' id='word_1_237' title='bbox 540 2495 660 2569; x_wconf 90' lang='lat' dir='ltr'>civium,</span> <span class='ocrx_word' id='word_1_238' title='bbox 684 2495 818 2571; x_wconf 90' lang='lat' dir='ltr'>praevisa</span> <span class='ocrx_word' id='word_1_239' title='bbox 839 2494 898 2552; x_wconf 90' lang='lat' dir='ltr'>olei</span> <span class='ocrx_word' id='word_1_240' title='bbox 923 2495 1041 2554; x_wconf 90' lang='lat' dir='ltr'>caritate</span> <span class='ocrx_word' id='word_1_241' title='bbox 1063 2511 1101 2552; x_wconf 84' lang='lat' dir='ltr'>ex</span> 
     </span>
     <span class='ocr_line' id='line_1_29' title="bbox 94 2577 1143 2656; baseline -0.01 -16"><span class='ocrx_word' id='word_1_242' title='bbox 94 2582 190 2641; x_wconf 84' lang='lat' dir='ltr'>tuturo</span> <span class='ocrx_word' id='word_1_243' title='bbox 206 2580 392 2656; x_wconf 79' lang='lat' dir='ltr'>vergiliarum</span> <span class='ocrx_word' id='word_1_244' title='bbox 416 2588 480 2638; x_wconf 92' lang='lat' dir='ltr'>ortu</span> <span class='ocrx_word' id='word_1_245' title='bbox 504 2596 559 2656; x_wconf 91' lang='lat' dir='ltr'>qua</span> <span class='ocrx_word' id='word_1_246' title='bbox 581 2577 702 2637; x_wconf 85' lang='lat' dir='ltr'>diximus</span> <span class='ocrx_word' id='word_1_247' title='bbox 723 2578 836 2637; x_wconf 91' lang='lat' dir='ltr'>ratione</span> <span class='ocrx_word' id='word_1_248' title='bbox 856 2577 1055 2637; x_wconf 90' lang='lat' dir='ltr'>ostendemus·</span> <span class='ocrx_word' id='word_1_249' title='bbox 1075 2595 1143 2638; x_wconf 69' lang='lat' dir='ltr'>rara</span> 
     </span>
     <span class='ocr_line' id='line_1_30' title="bbox 96 2660 1100 2741; baseline -0.003 -20"><span class='ocrx_word' id='word_1_250' title='bbox 96 2681 153 2741; x_wconf 91' lang='lat' dir='ltr'>que</span> <span class='ocrx_word' id='word_1_251' title='bbox 167 2662 223 2720; x_wconf 91' lang='lat' dir='ltr'>iam</span> <span class='ocrx_word' id='word_1_252' title='bbox 239 2662 365 2740; x_wconf 90' lang='lat' dir='ltr'>planius,</span> <span class='ocrx_word' id='word_1_253' title='bbox 383 2679 484 2738; x_wconf 89' lang='lat' dir='ltr'>magna</span> <span class='ocrx_word' id='word_1_254' title='bbox 499 2671 558 2719; x_wconf 88' lang='lat' dir='ltr'>tum</span> <span class='ocrx_word' id='word_1_255' title='bbox 571 2660 680 2719; x_wconf 90' lang='lat' dir='ltr'>vilitate</span> <span class='ocrx_word' id='word_1_256' title='bbox 701 2669 824 2738; x_wconf 87' lang='lat' dir='ltr'>propter</span> <span class='ocrx_word' id='word_1_257' title='bbox 834 2679 916 2739; x_wconf 90' lang='lat' dir='ltr'>spem</span> <span class='ocrx_word' id='word_1_258' title='bbox 932 2661 1028 2724; x_wconf 89' lang='lat' dir='ltr'>olivae</span> <span class='ocrx_word' id='word_1_259' title='bbox 1051 2678 1100 2719; x_wconf 90' lang='lat' dir='ltr'>co·</span> 
     </span>
     <span class='ocr_line' id='line_1_31' title="bbox 59 2743 1101 2823; baseline -0.01 -11"><span class='ocrx_word' id='word_1_260' title='bbox 59 2746 202 2812; x_wconf 78' lang='lat' dir='ltr'>coemisse</span> <span class='ocrx_word' id='word_1_261' title='bbox 218 2745 246 2803; x_wconf 95' lang='lat' dir='ltr'>iu</span> <span class='ocrx_word' id='word_1_262' title='bbox 261 2753 323 2804; x_wconf 93' lang='lat' dir='ltr'>toto</span> <span class='ocrx_word' id='word_1_263' title='bbox 338 2753 430 2805; x_wconf 91' lang='lat' dir='ltr'>tractu</span> <span class='ocrx_word' id='word_1_264' title='bbox 443 2761 527 2804; x_wconf 86' lang='lat' dir='ltr'>omne</span> <span class='ocrx_word' id='word_1_265' title='bbox 543 2744 650 2819; x_wconf 87' lang='lat' dir='ltr'>oleum,</span> <span class='ocrx_word' id='word_1_266' title='bbox 666 2743 832 2806; x_wconf 91' lang='lat' dir='ltr'>mirantibus</span> <span class='ocrx_word' id='word_1_267' title='bbox 843 2744 891 2823; x_wconf 92' lang='lat' dir='ltr'>qui</span> <span class='ocrx_word' id='word_1_268' title='bbox 901 2752 1101 2822; x_wconf 91' lang='lat' dir='ltr'>paupertatem</span> 
     </span>
     <span class='ocr_line' id='line_1_32' title="bbox 96 2826 1144 2909; baseline -0.001 -20"><span class='ocrx_word' id='word_1_269' title='bbox 96 2830 281 2909; x_wconf 87' lang='lat' dir='ltr'>quietemque</span> <span class='ocrx_word' id='word_1_270' title='bbox 294 2827 486 2888; x_wconf 88' lang='lat' dir='ltr'>doctrinarum</span> <span class='ocrx_word' id='word_1_271' title='bbox 502 2828 529 2888; x_wconf 94' lang='lat' dir='ltr'>ei</span> <span class='ocrx_word' id='word_1_272' title='bbox 547 2826 678 2887; x_wconf 91' lang='lat' dir='ltr'>sciebant</span> <span class='ocrx_word' id='word_1_273' title='bbox 689 2828 718 2887; x_wconf 93' lang='lat' dir='ltr'>iu</span> <span class='ocrx_word' id='word_1_274' title='bbox 733 2829 832 2906; x_wconf 90' lang='lat' dir='ltr'>primis</span> <span class='ocrx_word' id='word_1_275' title='bbox 844 2826 926 2888; x_wconf 91' lang='lat' dir='ltr'>cordi</span> <span class='ocrx_word' id='word_1_276' title='bbox 940 2845 1017 2887; x_wconf 88' lang='lat' dir='ltr'>esse.</span> <span class='ocrx_word' id='word_1_277' title='bbox 1044 2834 1144 2890; x_wconf 73' lang='lat' dir='ltr'>atala</span> 
     </span>
     <span class='ocr_line' id='line_1_33' title="bbox 96 2910 1100 2992; baseline -0.003 -21"><span class='ocrx_word' id='word_1_278' title='bbox 96 2929 153 2992; x_wconf 93' lang='lat' dir='ltr'>que</span> <span class='ocrx_word' id='word_1_279' title='bbox 168 2920 199 2971; x_wconf 91' lang='lat' dir='ltr'>ut</span> <span class='ocrx_word' id='word_1_280' title='bbox 214 2911 345 2988; x_wconf 91' lang='lat' dir='ltr'>adparuit</span> <span class='ocrx_word' id='word_1_281' title='bbox 360 2928 448 2971; x_wconf 92' lang='lat' dir='ltr'>causa</span> <span class='ocrx_word' id='word_1_282' title='bbox 463 2920 492 2970; x_wconf 90' lang='lat' dir='ltr'>et</span> <span class='ocrx_word' id='word_1_283' title='bbox 505 2913 608 2988; x_wconf 90' lang='lat' dir='ltr'>ingens</span> <span class='ocrx_word' id='word_1_284' title='bbox 627 2911 787 2970; x_wconf 90' lang='lat' dir='ltr'>divitiarum</span> <span class='ocrx_word' id='word_1_285' title='bbox 805 2929 918 2986; x_wconf 88' lang='lat' dir='ltr'>cursus,</span> <span class='ocrx_word' id='word_1_286' title='bbox 937 2910 1100 2972; x_wconf 83' lang='lat' dir='ltr'>restituisse</span> 
     </span>
     <span class='ocr_line' id='line_1_34' title="bbox 95 2993 1099 3072; baseline -0.004 -16"><span class='ocrx_word' id='word_1_287' title='bbox 95 2993 261 3056; x_wconf 90' lang='lat' dir='ltr'>mercedem</span> <span class='ocrx_word' id='word_1_288' title='bbox 277 2995 379 3055; x_wconf 85' lang='lat' dir='ltr'>anxiae</span> <span class='ocrx_word' id='word_1_289' title='bbox 396 3004 425 3054; x_wconf 90' lang='lat' dir='ltr'>et</span> <span class='ocrx_word' id='word_1_290' title='bbox 438 2995 540 3054; x_wconf 91' lang='lat' dir='ltr'>avidae</span> <span class='ocrx_word' id='word_1_291' title='bbox 557 2995 735 3055; x_wconf 89' lang='lat' dir='ltr'>dominorum</span> <span class='ocrx_word' id='word_1_292' title='bbox 751 2996 964 3072; x_wconf 86' lang='lat' dir='ltr'>poenitentiae,</span> <span class='ocrx_word' id='word_1_293' title='bbox 981 3002 1099 3054; x_wconf 89' lang='lat' dir='ltr'>conten·</span> 
     </span>
     <span class='ocr_line' id='line_1_35' title="bbox 96 3075 1100 3156; baseline -0.003 -16"><span class='ocrx_word' id='word_1_294' title='bbox 96 3090 155 3140; x_wconf 90' lang='lat' dir='ltr'>tum</span> <span class='ocrx_word' id='word_1_295' title='bbox 168 3080 207 3139; x_wconf 92' lang='lat' dir='ltr'>ita</span> <span class='ocrx_word' id='word_1_296' title='bbox 222 3077 394 3155; x_wconf 81' lang='lat' dir='ltr'>probavisse</span> <span class='ocrx_word' id='word_1_297' title='bbox 410 3095 484 3156; x_wconf 90' lang='lat' dir='ltr'>opes</span> <span class='ocrx_word' id='word_1_298' title='bbox 499 3077 577 3136; x_wconf 94' lang='lat' dir='ltr'>sibi</span> <span class='ocrx_word' id='word_1_299' title='bbox 568 3095 597 3136; x_wconf 90' lang='grc' dir='ltr'>ιιι</span> <span class='ocrx_word' id='word_1_300' title='bbox 611 3077 701 3152; x_wconf 87' lang='lat' dir='ltr'>iacili,</span> <span class='ocrx_word' id='word_1_301' title='bbox 720 3095 783 3137; x_wconf 93' lang='lat' dir='ltr'>cum</span> <span class='ocrx_word' id='word_1_302' title='bbox 799 3079 906 3152; x_wconf 93' lang='lat' dir='ltr'>vellet,</span> <span class='ocrx_word' id='word_1_303' title='bbox 928 3078 1002 3137; x_wconf 89' lang='lat' dir='ltr'>fore.</span> <span class='ocrx_word' id='word_1_304' title='bbox 1036 3075 1100 3138; x_wconf 88' lang='lat' dir='ltr'>Hoc</span> 
     </span>
    </p>
   </div>
   <div class='ocr_carea' id='block_1_3' title="bbox 60 3159 1151 3492">
    <p class='ocr_par' dir='ltr' id='par_1_6' title="bbox 61 3159 1100 3406">
     <span class='ocr_line' id='line_1_36' title="bbox 61 3159 1100 3242; baseline -0.005 -19"><span class='ocrx_word' id='word_1_305' title='bbox 61 3181 87 3223; x_wconf 83' lang='grc' dir='ltr'>ιι</span> <span class='ocrx_word' id='word_1_306' title='bbox 97 3172 200 3242; x_wconf 91' lang='lat' dir='ltr'>postea</span> <span class='ocrx_word' id='word_1_307' title='bbox 218 3163 335 3221; x_wconf 87' lang='lat' dir='ltr'>Sextius</span> <span class='ocrx_word' id='word_1_308' title='bbox 356 3179 372 3219; x_wconf 93' lang='lat' dir='ltr'>e</span> <span class='ocrx_word' id='word_1_309' title='bbox 393 3159 530 3220; x_wconf 86' lang='lat' dir='ltr'>Romanis</span> <span class='ocrx_word' id='word_1_310' title='bbox 547 3160 705 3238; x_wconf 90' lang='lat' dir='ltr'>sapientiae</span> <span class='ocrx_word' id='word_1_311' title='bbox 729 3161 959 3222; x_wconf 89' lang='lat' dir='ltr'>adsectatoribus</span> <span class='ocrx_word' id='word_1_312' title='bbox 977 3161 1100 3221; x_wconf 81' lang='lat' dir='ltr'>Athenis</span> 
     </span>
     <span class='ocr_line' id='line_1_37' title="bbox 96 3243 1098 3321; baseline -0.004 -15"><span class='ocrx_word' id='word_1_313' title='bbox 96 3248 167 3307; x_wconf 88' lang='lat' dir='ltr'>iecit</span> <span class='ocrx_word' id='word_1_314' title='bbox 179 3245 282 3306; x_wconf 89' lang='lat' dir='ltr'>eadem</span> <span class='ocrx_word' id='word_1_315' title='bbox 293 3245 414 3305; x_wconf 88' lang='lat' dir='ltr'>ratione.</span> <span class='ocrx_word' id='word_1_316' title='bbox 444 3252 521 3304; x_wconf 89' lang='lat' dir='ltr'>tanta</span> <span class='ocrx_word' id='word_1_317' title='bbox 545 3243 703 3303; x_wconf 89' lang='lat' dir='ltr'>litterarum</span> <span class='ocrx_word' id='word_1_318' title='bbox 717 3246 835 3304; x_wconf 90' lang='lat' dir='ltr'>occasio</span> <span class='ocrx_word' id='word_1_319' title='bbox 853 3253 914 3318; x_wconf 86' lang='lat' dir='ltr'>est,</span> <span class='ocrx_word' id='word_1_320' title='bbox 934 3262 1006 3320; x_wconf 90' lang='lat' dir='ltr'>quas</span> <span class='ocrx_word' id='word_1_321' title='bbox 1019 3245 1098 3321; x_wconf 90' lang='lat' dir='ltr'>equi·</span> 
     </span>
     <span class='ocr_line' id='line_1_38' title="bbox 97 3326 1100 3406; baseline -0.005 -17"><span class='ocrx_word' id='word_1_322' title='bbox 97 3330 162 3389; x_wconf 91' lang='lat' dir='ltr'>dem</span> <span class='ocrx_word' id='word_1_323' title='bbox 176 3327 306 3390; x_wconf 90' lang='lat' dir='ltr'>miscebo</span> <span class='ocrx_word' id='word_1_324' title='bbox 322 3327 487 3405; x_wconf 79' lang='lat' dir='ltr'>agrestibus</span> <span class='ocrx_word' id='word_1_325' title='bbox 503 3327 629 3401; x_wconf 89' lang='lat' dir='ltr'>negotiis</span> <span class='ocrx_word' id='word_1_326' title='bbox 644 3344 728 3404; x_wconf 89' lang='lat' dir='ltr'>quarn</span> <span class='ocrx_word' id='word_1_327' title='bbox 748 3337 853 3406; x_wconf 91' lang='lat' dir='ltr'>potero</span> <span class='ocrx_word' id='word_1_328' title='bbox 870 3326 994 3387; x_wconf 90' lang='lat' dir='ltr'>dilucide</span> <span class='ocrx_word' id='word_1_329' title='bbox 1013 3336 1100 3403; x_wconf 91' lang='lat' dir='ltr'>atque</span> 
     </span>
    </p>

    <p class='ocr_par' dir='ltr' id='par_1_7' title="bbox 60 3409 1151 3492">
     <span class='ocr_line' id='line_1_39' title="bbox 60 3409 1151 3492; baseline -0.003 -22"><span class='ocrx_word' id='word_1_330' title='bbox 60 3442 63 3452; x_wconf 90' lang='lat'>·</span> <span class='ocrx_word' id='word_1_331' title='bbox 97 3414 262 3492; x_wconf 86' lang='lat' dir='ltr'>perspicue.</span> <span class='ocrx_word' id='word_1_332' title='bbox 286 3412 422 3490; x_wconf 88' lang='lat' dir='ltr'>Plerique</span> <span class='ocrx_word' id='word_1_333' title='bbox 438 3411 539 3472; x_wconf 84' lang='lat' dir='ltr'>dixere</span> <span class='ocrx_word' id='word_1_334' title='bbox 556 3426 652 3471; x_wconf 89' lang='lat' dir='ltr'>rorem</span> <span class='ocrx_word' id='word_1_335' title='bbox 665 3413 787 3470; x_wconf 90' lang='lat' dir='ltr'>inustum</span> <span class='ocrx_word' id='word_1_336' title='bbox 799 3410 864 3472; x_wconf 87' lang='lat' dir='ltr'>sole</span> <span class='ocrx_word' id='word_1_337' title='bbox 879 3427 939 3469; x_wconf 87' lang='lat' dir='ltr'>acrr</span> <span class='ocrx_word' id='word_1_338' title='bbox 933 3409 1151 3482; x_wconf 61' lang='lat' dir='ltr'>frugibus‘tne</span> 
     </span>
    </p>
   </div>
   <div class='ocr_carea' id='block_1_4' title="bbox 0 0 1220 3840">
    <p class='ocr_par' dir='ltr' id='par_1_8' title="bbox 0 0 1220 3840">
     <span class='ocr_line' id='line_1_40' title="bbox 0 0 1220 3840; baseline 0 0"><span class='ocrx_word' id='word_1_339' title='bbox 0 0 1220 3840; x_wconf 95' lang='lat' dir='ltr'> </span> 
     </span>
    </p>
   </div>
  </div>
 </body>
</html>
