2422 3840
370 213 451 261 usu.
471 211 565 262 mss.
585 212 657 259 xm.
673 209 757 262 1-3.
779 199 897 277 (1-7.)
1076 196 1137 258 233

132 369 215 429 uibus
235 369 334 428 tincto.
376 366 572 446 paulatimque
596 373 626 424 et
655 364 765 424 Romae
793 363 942 442 subrepsit
965 363 1137 442 appellatio,

132 452 252 512 corollis
278 454 352 512 inter
379 453 457 511 initia
480 459 602 528 propter
622 448 821 526 gracilitatem·
834 448 1002 525 nominatis,
1025 463 1093 506 mox
1110 455 1139 505 et

133 535 314 612 corollariis,
334 544 488 614 postquam
505 553 522 594 e
543 534 636 594 lamna
652 535 731 593 tenni
747 549 834 592 aerea
853 533 983 592 inaurata
1000 542 1047 592 aut
1063 532 1138 589 inar-

131 628 248 696 gentata
266 619 415 680 dabantur.

107 720 120 759 s
195 704 224 766 3.
258 706 321 784 (4.)
360 700 483 762 Crassus
508 700 599 761 Dives
627 701 735 778 primus
763 707 885 775 argento
912 716 1042 776 auroque
1068 699 1167 764 lotias

131 788 254 847 imitatus
270 787 344 847 ludis
360 787 420 844 suis
436 802 560 845 coronas
578 784 672 860 dedit,
691 791 938 859 accesseruntque
954 792 982 841 et
997 783 1138 856 lemnisci,

131 887 205 950 quos
219 871 294 931 adici
310 873 438 947 ipsarum
452 885 625 929 coronarum
642 868 735 927 honos
758 875 835 945 erat,
859 875 982 943 propter
999 865 1139 925 Etruscas

131 954 236 1033 quibus
252 956 330 1032 iungi
344 955 398 1013 nisi
414 955 494 1013 aurei
507 969 565 1012 non
580 951 734 1012 debebant.
767 951 832 1028 puri
851 950 898 1010 diu
912 950 994 1009 inere
1010 950 1039 1007 ii.
1072 966 1139 1008 cae·

131 1038 193 1098 lare
223 1055 275 1097 eos
305 1039 412 1117 primus
439 1038 560 1097 instituit
587 1037 618 1096 P.
644 1034 781 1095 claudius
803 1034 929 1094 Pulcher
951 1034 1138 1110 bratteasque

98 1122 217 1184 ucetiam
232 1120 365 1200 philyrae
381 1121 469 1181 dedit.

195 1206 253 1284 (5.)
269 1208 393 1284 Semper
403 1214 498 1265 tamen
510 1204 668 1264 auctoritas
679 1203 728 1263 vel
740 1203 852 1263 ludicro
866 1202 1062 1280 quaesitarum
1073 1199 1162 1263 fuiti

131 1306 255 1367 namque
282 1290 319 1350 ad
341 1290 497 1348 certamina
518 1287 670 1346 incircum
687 1304 741 1363 per
758 1286 843 1346 ludos
861 1296 889 1345 et
904 1287 960 1362 ipsi
977 1284 1139 1344 descende·

130 1372 199 1431 bant
213 1381 243 1431 et
256 1390 360 1433 servos
376 1389 445 1431 suos
464 1387 616 1449 equosque
631 1369 791 1429 mittebant.
818 1369 884 1429 inde
897 1368 946 1428 ilia
961 1381 1011 1428 xli
1029 1367 1139 1427 tabula·

131 1473 194 1514 rum
219 1455 283 1514 lex:
309 1457 371 1533 qui
393 1471 566 1514 coronam
586 1454 686 1531 parit
710 1455 792 1530 ipse
813 1452 1039 1530 pecuniave,
1062 1453 1141 1510 eius

98 1540 341 1601 aovirtutisve
364 1554 455 1615 ergo
474 1537 598 1598 duitur
620 1537 662 1596 ei.
695 1553 780 1614 quam
796 1537 875 1596 servi
895 1536 1001 1611 equive
1019 1535 1139 1593 meruis-

132 1630 197 1680 sent
218 1623 341 1700 pecnnia
364 1631 474 1701 partam
498 1622 566 1698 lege
592 1619 650 1679 dici
677 1637 761 1680 nemo
789 1619 937 1679 dubitavit.
977 1619 1042 1696 quis
1067 1635 1139 1695 ergo

131 1703 248 1766 honos?
263 1715 293 1766 ut
313 1707 370 1785 ipsi
385 1715 499 1766 mortuo
515 1703 742 1783 parentibusque
760 1703 839 1780 eius,
856 1704 921 1764 dum
937 1702 1012 1761 intus
1027 1702 1140 1780 positus

132 1798 212 1849 esset
236 1790 347 1850 forisve
368 1788 511 1863 ferretur,
539 1790 601 1848 sine
622 1787 724 1847 fraude
748 1796 829 1848 esset
850 1787 987 1866 inposita.
1018 1784 1091 1846 alias
1112 1786 1140 1844 in

132 1891 185 1933 usu
206 1875 374 1952 promiscuo
396 1892 433 1934 nc
457 1874 585 1934 ludicrae
606 1871 721 1951 quidem
749 1880 840 1931 erant.
873 1872 950 1950 ·(6.)
975 1871 1165 1946 ingensque&

96 1973 123 2014 ro
133 1966 162 2017 et
183 1957 251 2018 hinc
273 1959 427 2019 severitas.
470 1957 501 2018 L.
518 1957 637 2018 Fulvius
659 1957 841 2033 argentarius
861 1955 944 2016 bello
965 1954 1074 2013 Punico
1094 1970 1140 2011 se·

133 2040 225 2100 cundo
252 2059 315 2101 cum
343 2058 451 2102 corona
476 2059 600 2102 rosacea
628 2040 751 2099 interdiu
776 2057 793 2099 e
819 2039 943 2118 pergula
964 2055 1016 2097 sua
1042 2038 1070 2095 iu
1096 2037 1139 2096 fo·

131 2141 193 2182 rum
223 2125 416 2202 prospexisse
450 2125 543 2185 dictus
573 2142 611 2183 ex
637 2124 811 2182 auctoritate
839 2132 957 2183 senatus
987 2123 1016 2180 in
1040 2138 1140 2182 carce·

131 2224 194 2265 rem
216 2205 357 2267 abductus
384 2220 442 2266 non
463 2215 529 2266 ante
556 2206 641 2265 iinem
663 2204 736 2264 belli
760 2206 884 2264 emissus
907 2213 961 2264 est.
991 2203 1022 2263 P.
1041 2204 1139 2264 iiluna·

132 2290 189 2348 tius
216 2306 280 2349 cum
305 2289 450 2367 demptam
472 2288 608 2365 Marsyae
629 2304 768 2349 coronam
789 2305 806 2346 e
827 2286 948 2346 floribus
974 2288 1061 2364 capiti
1087 2305 1140 2347 suo

96 2373 312 2451 asinposuisset
327 2383 414 2452 atque
430 2372 468 2434 cb
484 2374 513 2434 id
534 2374 599 2434 duci
620 2372 725 2433 eumin
742 2370 858 2431 vincula
881 2370 1020 2430 triumviri
1040 2371 1140 2429 iussis-

132 2465 212 2533 sent,
234 2457 394 2535 appellavit
414 2458 546 2518 tribunos
562 2456 653 2536 plebi.
689 2473 745 2515 nec
758 2456 955 2515 intercessere
971 2453 1030 2528 illi,
1054 2452 1168 2516 aliter9

133 2558 217 2617 quam
231 2539 369 2617 Athenis,
388 2540 437 2601 ubi
453 2540 667 2601 comissabundi
685 2541 808 2600 iuuenes
825 2547 891 2599 ante
906 2538 1054 2598 meridiem
1069 2553 1139 2595 con-

132 2631 235 2682 ventus
253 2625 424 2702 sapientium
442 2642 558 2705 quoqne
575 2625 725 2685 doctrinae
737 2621 971 2703 frequentabant.
995 2619 1070 2697 apud
1086 2637 1140 2680 nos

134 2706 298 2783 exemplum
321 2708 455 2768 licentiae
476 2707 560 2769 huius
577 2725 635 2768 non
657 2717 702 2768 est
724 2706 800 2767 aliud
818 2724 902 2785 quam
928 2705 985 2766 iilia
1004 2705 1063 2766 divi
1081 2703 1140 2763 Au·

97 2790 226 2866 augusti,
260 2791 341 2850 cuius
366 2792 478 2853 luxuria
503 2792 638 2854 noctibus
662 2800 829 2852 coronatum
853 2791 996 2866 Marsyam
1023 2788 1139 2849 litterae

132 2872 210 2932 illius
225 2872 273 2933 dei
288 2884 415 2952 gemunt.

197 2957 261 3038 (7.)
285 2957 402 3019 Florum
417 2961 532 3037 quidem
547 2959 673 3038 populus
689 2958 836 3018 Romanus
851 2958 992 3018 honorem
1008 2954 1138 3031 Scipioni
1150 2963 1183 3017 10

131 3049 240 3102 tantum
255 3040 363 3102 habuit.
387 3042 511 3121 Serapio
527 3041 784 3120 cognominabatur
793 3050 916 3120 propter
928 3039 1140 3099 similitudinem

134 3126 222 3186 suarii
239 3125 387 3186 cuiusdam
404 3128 604 3204 negotiatoris.
638 3125 752 3185 obierat
769 3126 798 3184 in
811 3125 957 3185 tribunatu
972 3122 1071 3201 plebei
1090 3121 1139 3182 ad·

98 3211 248 3270 asmo‘dum
269 3218 370 3288 gratus
393 3210 556 3290 dignusque
580 3208 782 3269 Africanorum
802 3209 926 3283 familia,
951 3225 1006 3266 nec
1029 3206 1141 3265 eratin

132 3292 217 3353 bonis
237 3294 347 3354 funeris
365 3294 497 3373 inpensa.
533 3310 616 3354 asses
638 3309 710 3370 ergo
728 3293 848 3353 contulit
863 3291 990 3372 populus
1007 3307 1042 3348 ac
1057 3289 1140 3347 funus

134 3375 276 3456 elocavit,
304 3395 419 3458 quaque
441 3375 709 3458 praeterierebatur
729 3376 819 3437 dores
840 3395 857 3435 e
879 3381 1040 3454 prospectu
1065 3371 1141 3430 omni

134 3461 250 3538 sparsit.
