2422 3840
137 183 195 242 110
476 192 506 239 c.
529 192 627 238 rums
648 190 799 239 sucumm

136 366 198 407 surn
217 356 247 407 et
264 347 341 424 quod
359 347 566 422 centigranium
577 356 692 406 vocant.
724 347 856 432 inventus
868 355 914 405 est
925 347 980 405 iam
992 354 1022 404 et
1033 363 1141 424 scapus

135 450 207 490 unus
225 438 338 489 centurn
353 430 428 489 fabis
445 439 573 488 onustus.

92 524 160 579 9640
198 513 281 594 (22.)
304 513 424 572 Aestiva
439 513 581 572 frumenta
602 512 723 572 diximus
745 514 893 586 sesimam,
916 512 1039 586 milium,
1060 511 1141 589 pani·

137 615 209 657 cnm.
240 599 348 657 sesima
369 596 404 656 ab
425 595 502 656 Indis
524 597 611 654 venit.
647 614 684 654 ex
707 613 741 656 ea
758 605 787 655 et
809 596 905 656 oleum
923 596 1040 669 faciunt,
1057 595 1142 654 color

136 682 199 740 eius
216 680 364 740 candidus.
398 677 468 740 huic
483 678 576 739 simile
592 687 637 737 est
649 680 677 737 in
691 680 762 738 Asia
777 678 958 757 Graeciaque
974 679 1166 753 erysimum

136 764 271 842 idemque
287 772 359 839 erat,
376 764 429 821 nisi
445 765 578 842 pinguius
595 773 684 838 esset,
702 763 780 840 quod
797 763 874 840 apud
888 779 942 821 nos
953 771 1058 822 vocant
1073 762 1141 821 irio·

135 866 216 923 nem,
238 847 473 908 medicaminibus
496 846 735 906 adnumerandum
761 848 857 924 potius
885 864 968 924 quarn
997 843 1140 922 frugibus.

136 932 265 991 eiusdem
280 941 398 990 naturae
414 939 445 990 et
458 930 616 990 horminum
634 929 753 990 Graecis
770 930 887 1006 dictum,
905 929 956 989 sed
972 930 1086 1003 cymino
1103 929 1140 988 si·

132 1015 212 1090 mile,
228 1015 333 1074 seritur
349 1031 412 1072 curn
428 1015 542 1073 sesima.
574 1013 629 1072 hac
644 1023 674 1072 et
687 1014 779 1072 irione
795 1013 901 1073 nullum
923 1012 1026 1072 animal
1045 1012 1140 1072 resei-

134 1106 179 1157 tur
194 1097 362 1157 virentibus.
1150 1116 1175 1156 ro

92 1189 126 1245 97
198 1179 279 1260 (23.)
300 1180 410 1239 Pistura
425 1196 482 1238 non
503 1181 626 1239 omnium
640 1178 752 1254 facilis,
777 1182 886 1259 quippe
901 1178 1016 1239 Etruria
1030 1180 1141 1257 spicam

134 1263 219 1323 farris
235 1265 303 1322 tosti
318 1264 430 1340 pisente
447 1263 507 1341 pilo
529 1262 729 1341 praeferrato,
752 1262 847 1323 fistula
871 1272 983 1323 serrata
1005 1270 1034 1321 et
1054 1262 1141 1322 stella

135 1350 210 1406 intus
230 1346 420 1422 denticulata,
444 1356 490 1422 ut,
512 1348 536 1405 si
555 1348 692 1406 intentius
705 1347 816 1424 pisant,
841 1347 1029 1407 concidantur
1048 1363 1140 1422 grana

134 1432 302 1508 ferrumque
317 1430 475 1508 frangatur.
506 1432 597 1490 maior
612 1448 680 1507 pars
694 1427 795 1490 ltaliae
812 1431 894 1491 ruido
906 1432 992 1490 utitur
1004 1429 1076 1508 pilo,
1091 1446 1139 1488 ro·

135 1517 171 1573 tis
188 1517 273 1575 etiarn
288 1532 360 1592 quas
376 1532 450 1592 aqua
463 1523 579 1589 verset,
606 1513 702 1573 obiter
718 1523 747 1573 et
766 1514 852 1574 mola.
882 1516 918 1575 de
943 1515 1005 1592 ipsa
1026 1515 1139 1573 ratione
1149 1531 1174 1570 rs

94 1608 128 1663 98
137 1599 249 1677 pisendi
261 1597 393 1675 Magonis
409 1608 589 1677 proponetur
603 1599 760 1659 sententia:
787 1599 911 1666 triticum
925 1607 990 1658 ante
1005 1597 1139 1675 perfundi

135 1699 209 1759 aqua
221 1682 308 1741 multa
320 1682 410 1757 iubet,
427 1691 530 1759 postea
544 1681 642 1757 evalli,
656 1682 722 1741 dein
735 1681 800 1741 sole
812 1683 950 1742 siccatum
962 1681 1021 1760 pilo
1033 1683 1137 1760 repeti.

135 1765 220 1823 simili
234 1765 320 1823 modo
339 1764 488 1824 hordeum.
516 1764 599 1823 huius
614 1767 758 1824 sextarios
772 1779 823 1824 xx
836 1767 935 1844 spargi
946 1764 1059 1824 duobus
1072 1783 1138 1829 sex-

135 1849 215 1906 tariis
230 1865 331 1924 aquae.
360 1848 467 1907 lentem
481 1849 586 1908 torreri
600 1850 696 1926 prius,
714 1849 781 1908 dein
803 1866 866 1908 curn
889 1847 1044 1908 furfuribus
1067 1849 1138 1908 levi·

135 1939 181 1989 ter
199 1933 254 2007 pisi
269 1939 317 1988 aut
332 1930 429 1989 addito
447 1933 475 1989 in
490 1933 636 1990 sextarios
654 1944 703 1989 xx
719 1931 817 1992 lateris
834 1933 914 1992 crudi
928 1932 1020 1992 frusto
1044 1940 1073 1991 et
1088 1931 1136 1991 ha·
1146 1952 1173 1992 ao

133 2030 222 2071 renae
239 2013 380 2072 semodio.
411 2014 541 2074 erviliam
561 2015 663 2074 iisdem
684 2016 777 2076 modis
794 2015 898 2093 quibus
918 2015 1036 2074 lentem.
1064 2016 1137 2075 sesi-

134 2113 207 2154 mam
224 2097 251 2155 in
268 2096 361 2156 calida
377 2106 551 2158 maceratam
567 2099 726 2176 exporrigi,
744 2099 810 2158 dein
825 2099 980 2158 confricari
992 2107 1021 2158 et
1031 2097 1138 2174 frigida

134 2181 225 2256 mergi
242 2188 273 2239 ut
288 2181 392 2258 paleae
411 2181 594 2258 fluctuantur,
609 2183 773 2261 iterumque
789 2183 938 2261 exporrigi
953 2183 981 2241 in
1003 2181 1066 2240 sole
1089 2200 1136 2239 su-

134 2281 188 2341 per
204 2264 301 2341 lintea,
321 2265 397 2343 quod
414 2267 467 2326 nisi
488 2267 623 2326 festinato
646 2275 817 2343 peragatur,
839 2266 933 2326 lurido
955 2265 1057 2326 colore
1077 2283 1135 2324 mu·

91 2355 265 2409 99cescere.
298 2347 335 2408 Et
357 2351 420 2427 ipsa
441 2359 535 2409 autern
561 2367 634 2427 qnae
656 2349 816 2410 evalluntur
839 2349 946 2409 variam
965 2350 1173 2428 pisturarumac

133 2433 275 2491 rationem
296 2431 411 2491 habent.
446 2451 515 2493 acus
537 2442 674 2507 vocatur,
703 2450 767 2492 curn
793 2450 847 2511 per
868 2451 901 2492 se
922 2433 1024 2512 pisitur
1044 2434 1137 2510 spica,

133 2523 240 2573 tanturn
258 2515 405 2575 aurificum
421 2516 457 2575 ad
470 2535 549 2575 usus.
583 2517 607 2574 si
623 2532 694 2575 vero
707 2517 736 2575 in
748 2534 816 2576 area
827 2517 930 2576 teritur
942 2535 1006 2576 cum
1019 2516 1136 2594 stipula,

132 2596 235 2673 palea,
252 2598 280 2655 in
296 2600 407 2658 maiore
423 2608 564 2659 terrarum
581 2608 663 2678 parte
679 2600 715 2659 ad
732 2599 838 2679 pabula
853 2602 1050 2661 iumentorum.
1077 2597 1137 2658 dliii

134 2687 162 2737 et
181 2681 276 2757 panici
292 2690 322 2739 et
338 2684 462 2742 sesimae
480 2692 666 2760 purgamenta
683 2683 815 2761 apludam
829 2692 935 2743 vocant
947 2692 975 2742 et
990 2683 1058 2743 alibi
1072 2682 1136 2743 aliis

131 2762 301 2822 nominibus.
385 2796 388 2802 ι
1017 2772 1019 2776 ‘
1144 2783 1171 2824 ao

90 2857 141 2908 100
210 2846 293 2925 (24.)
314 2845 394 2906 illilio
412 2844 566 2925 Campania
580 2851 738 2927 praecipue
751 2850 860 2927 gaudet
881 2851 1047 2930 pultemque
1069 2867 1134 2910 can·
1193 2910 1198 2918 ,

134 2930 230 2990 didam
249 2948 287 2995 ex
303 2947 339 2990 eo
355 2931 434 2991 facit.
467 2930 498 2990 lit
514 2941 543 2991 et
553 2933 636 3010 panis
648 2932 825 3010 praedulcis.
861 2936 1052 2995 Sarmatarum
1063 2949 1135 3012 quo·

132 3030 189 3090 que
205 3023 308 3090 gentes
323 3014 379 3075 hac
394 3031 524 3074 maxume
542 3015 622 3094 pulte
638 3017 750 3076 aluntur
768 3025 798 3077 et
818 3019 906 3078 cruda
930 3019 1016 3078 etiam
1032 3018 1134 3092 farina,

133 3097 238 3172 equino
256 3097 332 3157 lacte
349 3099 399 3158 vel
416 3100 556 3175 sangnine
574 3118 590 3159 e
606 3101 698 3160 cruris
709 3103 791 3161 venis
805 3101 941 3162 admixto.
971 3101 1135 3179 Aethiopes

132 3195 188 3238 non
203 3179 288 3240 aliarn
303 3182 417 3260 frugem
432 3200 516 3261 quam
531 3183 590 3243 mili
608 3183 769 3263 hordeique
783 3201 905 3247 novere.
1144 3202 1172 3244 ss

92 3275 141 3327 101
213 3263 298 3344 (25.)
319 3265 426 3326 Panico
452 3274 482 3324 et
508 3265 617 3327 Galliae
645 3269 775 3346 quidem,
805 3269 965 3349 praecipue
980 3268 1134 3347 Aquitania

131 3349 228 3425 utitur,
251 3349 304 3409 sed
319 3360 348 3409 et
366 3351 585 3428 circumpadana
603 3350 685 3411 ltalia
701 3353 797 3412 addita
812 3352 895 3429 faba,
914 3355 976 3412 sine
992 3371 1049 3432 qua
1066 3350 1135 3411 nihil

131 3434 292 3493 conficiunt.
325 3435 462 3494 Ponticae
478 3443 582 3512 gentes
593 3435 701 3495 nullum
718 3429 822 3515 panico
837 3437 1008 3516 praeferunt
1028 3435 1133 3496 cibum.
