2422 3840
231 232 237 236 ·
309 210 898 288 uar.n1sn.xx11.12-1t.(te-19.)
1042 210 1102 271 273

102 372 242 449 reprimit.
285 389 384 430 semen
412 372 511 449 colligi
542 374 685 433 messibus
713 386 838 453 oportet.
879 375 1104 436 Alexandrinum

102 472 233 513 maxume
248 455 389 515 laudatur.
425 455 470 514 Ad
491 458 584 516 omnia
606 456 679 516 haec
701 468 730 518 et
749 460 877 519 mitiores
892 460 1007 539 quidem
1023 469 1102 519 tene·

102 554 210 613 raeque
237 537 392 613 efficaces,
413 539 465 598 sed
490 542 648 618 praecipue
668 541 811 601 silvestris
832 543 896 618 illa,
922 552 951 602 et
967 543 1023 602 hoc
1045 561 1102 602 am·

103 621 177 698 plius
199 620 297 699 lepras
320 640 336 681 e
359 622 434 681 facie
457 621 532 681 tollit
554 625 582 681 in
598 625 664 682 uiuo
681 628 759 702 pota.
794 626 819 683 si
833 625 988 704 quadripes
1013 626 1103 685 letum

79 722 157 763 anon
174 703 317 782 admittat,
341 706 432 764 urtica
446 714 574 765 naturam
588 706 747 766 fricandam
763 717 931 768 monstrant.

164 816 211 876 14.
233 817 316 896 (16.)
336 817 380 877 lla
396 834 512 894 quoque
532 836 597 876 num
612 835 695 894 quam
708 816 820 875 lamium
836 818 911 876 inter
926 835 1036 894 genera
1052 836 1099 879 ea·
1110 828 1145 883 37

99 918 161 959 rum
177 900 384 978 appellavimus
400 901 547 960 mitissima
560 909 589 958 et
604 900 682 959 loliis
697 917 755 958 non
774 900 986 976 mordentibus,
1009 919 1068 960 me·
1078 900 1108 944 ²¹·
1122 901 1145 936 ⁹⁸

100 982 183 1042 detur
205 1002 268 1042 oum
284 985 357 1043 mica
375 983 444 1043 salis
465 984 610 1043 contunsis
634 985 834 1061 incussisque,
856 985 956 1043 inustis
980 994 1009 1044 et
1029 994 1103 1044 stru·

99 1066 168 1140 mis,
192 1067 366 1142 tumoribus,
388 1068 544 1145 podagris,
570 1066 747 1125 volneribus,
784 1066 878 1126 album
893 1067 981 1127 habet
995 1070 1024 1126 in
1043 1086 1102 1127 me·

65 1166 90 1207 ro
100 1150 147 1210 dio
159 1149 231 1209 lolio
248 1151 325 1228 quod
340 1150 454 1227 ignibus
469 1151 561 1211 sacris
577 1151 717 1209 medetur.
739 1151 854 1228 quidam
870 1168 887 1209 e
904 1152 1010 1210 nostris
1028 1160 1098 1210 tem·
1110 1161 1145 1216 38

100 1250 172 1310 pore
195 1234 364 1294 discrevere
384 1251 510 1310 genera,
543 1243 572 1293 ct
591 1233 759 1293 autumnalis
779 1236 890 1294 urticae
906 1235 1032 1294 radicem
1053 1235 1100 1294 ad·
1140 1275 1142 1279 ψ

98 1316 245 1392 alligatam
269 1318 297 1375 in
318 1317 446 1376 tertianis
465 1317 503 1376 ita
519 1326 549 1374 ut
567 1318 649 1392 aegri
665 1326 881 1393 nuncupentur,
906 1336 969 1376 oum
986 1327 1103 1378 eruatur

99 1416 134 1458 ea
149 1399 247 1475 radix,
271 1399 440 1477 dicaturque
463 1399 509 1458 cui
527 1408 556 1458 et
579 1415 699 1476 quorum
715 1399 774 1458 fitto
796 1402 951 1474 eximatur,
975 1400 1101 1460 liberare

97 1481 199 1540 morbo
225 1482 417 1558 tradiderunt,
439 1483 495 1542 hoc
522 1481 598 1542 idem
619 1490 648 1541 et
673 1492 770 1542 contra
797 1492 950 1560 quartanas
976 1484 1100 1560 pollere.

64 1579 89 1618 ia
98 1566 184 1624 iidem
199 1567 308 1625 urticae
324 1566 422 1626 radice
440 1565 538 1625 addito
555 1565 618 1625 sale
635 1566 719 1626 infixa
737 1567 855 1643 corpori
871 1567 1000 1642 extrahi,
1022 1567 1102 1626 loliis

99 1667 163 1708 oum
188 1650 311 1727 axungia
336 1659 458 1709 strumas
480 1649 583 1708 discuti
612 1649 677 1723 vel,
704 1651 728 1708 si
743 1651 982 1728 suppuraverint,
1007 1649 1101 1726 erodi,

99 1733 240 1810 conpleri.

165 1832 212 1890 15.
235 1832 319 1910 (17.)
343 1830 388 1890 Ex
409 1840 578 1908 argumento
599 1848 704 1890 nomen
721 1832 836 1909 accepit
855 1833 973 1909 scorpio
995 1831 1096 1890 herba.
1109 1839 1144 1894 39

98 1933 197 1974 semen
213 1916 287 1976 enim
302 1915 389 1976 habet
405 1915 440 1975 ad
461 1913 673 1974 similitudinem
697 1913 806 1975 caudae
829 1915 1009 1992 scorpionis,
1030 1913 1101 1972 lolia

61 2018 200 2077 aopauca.
235 1999 312 2059 valet
338 2008 367 2059 et
392 1999 532 2059 adversus
556 1999 660 2059 animal
686 1998 806 2057 nominis
833 2000 885 2059 sui.
921 1997 973 2057 Est
994 2005 1023 2056 et
1044 1997 1100 2074 alia

98 2083 226 2141 eiusdem
242 2083 363 2140 nominis
387 2082 567 2159 effectusque
590 2084 653 2141 siue
675 2082 769 2156 foliis,
792 2083 927 2159 asparagi
949 2080 1051 2155 caule,
1073 2081 1101 2138 in

98 2165 245 2223 cacumine
262 2163 393 2223 aculeum
407 2162 517 2222 habens
534 2173 563 2223 et
578 2164 644 2223 inde
659 2181 774 2224 nomen.

162 2261 209 2322 16.
231 2259 315 2339 (18.)
336 2259 564 2319 leucacantham
585 2259 632 2319 alii
654 2259 790 2338 phyllon,
814 2259 863 2319 alii
881 2259 1025 2334 ischiada,
1049 2259 1143 2322 allido

96 2344 294 2422 polygonaton
320 2343 482 2422 appellant,
511 2343 609 2402 radIce
639 2344 748 2421 cypiri,
772 2360 846 2420 quae
874 2342 1100 2402 conmanducata

61 2449 87 2490 at
98 2427 222 2488 dentium
239 2428 357 2488 dolores
379 2427 477 2501 sedat,
501 2426 569 2485 item
586 2426 707 2485 laterum
723 2435 752 2486 et
768 2425 945 2499 lumborum,
968 2433 997 2482 ut
1013 2423 1098 2483 llice·

95 2513 156 2573 sius
183 2512 284 2588 tradit,
308 2513 418 2571 semine
447 2518 516 2587 poto
545 2509 688 2569 drachmis
717 2518 784 2569 octo
812 2518 860 2569 aut
883 2524 964 2567 suco.
998 2507 1099 2566 eadem

96 2596 203 2671 ruptis,
229 2593 377 2653 convolsis
397 2593 537 2652 medetur.

163 2695 212 2754 17.
234 2694 318 2773 (19.)
340 2693 484 2752 Helxioen
510 2692 598 2768 aliqui
625 2691 781 2769 perdicium
814 2699 933 2766 vocant,
963 2692 1096 2769 quoniam
1108 2699 1140 2752 41

96 2776 233 2856 perdices
258 2795 294 2836 ea
323 2776 481 2855 praecipue
504 2772 675 2851 vescantur,
707 2773 754 2834 alii
782 2774 936 2848 sideritim,
970 2772 1101 2834 nonnulli

62 2859 284 2939 ypparthenium.
328 2860 398 2919 lolia
422 2859 509 2919 habet
532 2859 638 2918 mixtae
670 2857 859 2917 similitudinis
887 2857 1041 2936 plantagini
1071 2863 1100 2914 et

95 2942 258 3019 marrubio,
291 2943 450 3002 cauliculos
477 2943 602 3018 densos,
631 2942 736 3002 leviter
761 2940 907 3017 rubentis,
937 2943 1045 3001 semina
1072 2939 1100 2996 iu

96 3025 238 3106 capitibus
261 3027 411 3104 lappaceis
437 3027 624 3086 adhaerentia
647 3023 793 3097 vestibus,
816 3025 891 3084 unde
912 3032 942 3083 et
963 3023 1100 3084 helxinen

96 3113 199 3172 dictam
217 3110 325 3169 volunt.
358 3109 411 3170 sed
434 3127 488 3169 nos
504 3109 597 3188 qualis
618 3127 688 3168 vera
710 3117 791 3167 esset
811 3106 928 3167 helxine
953 3108 1142 3174 diximus2¹‚oe

60 3233 64 3240 ·
96 3197 186 3274 priori
201 3193 285 3254 libro.
321 3193 395 3254 haec
412 3202 507 3253 autem
529 3193 617 3253 inlicit
633 3193 729 3267 lanas,
754 3201 834 3252 sanat
856 3193 930 3268 ignis
949 3210 1049 3253 sacros
1067 3201 1096 3252 et
1107 3199 1142 3253 ta

63 3297 87 3338 st
96 3286 222 3338 tumores
231 3277 481 3356 collectionesque
496 3278 587 3336 omnis
597 3287 626 3336 et
637 3277 747 3351 adusta,
758 3293 849 3354 panos
862 3295 948 3337 sucus
960 3279 1021 3336 eius
1035 3295 1098 3336 cum

97 3362 240 3437 psimithio
257 3370 286 3421 et
300 3370 416 3439 guttura
431 3361 595 3439 incipientia
611 3369 792 3438 turgescere,
812 3361 881 3419 item
896 3369 1024 3418 veterem
1039 3368 1097 3418 tus·

97 3443 150 3501 sim
165 3445 269 3517 cyatho
286 3445 387 3504 hausto
404 3453 434 3502 et
449 3445 542 3503 omnia
555 3445 623 3502 vitia
635 3442 738 3520 umida,
750 3444 824 3503 sicut
835 3441 973 3502 tonsillas
986 3443 1108 3497 suffix-

139 3547 208 3586 ruru.
221 3547 283 3588 uxr.
300 3549 371 3589 uisu.
387 3533 433 3589 lll.
910 3520 958 3578 &Q
