<?xml version="1.0" encoding="UTF-8"?>
<!DOCTYPE html PUBLIC "-//W3C//DTD XHTML 1.0 Transitional//EN"
    "http://www.w3.org/TR/xhtml1/DTD/xhtml1-transitional.dtd">
<html xmlns="http://www.w3.org/1999/xhtml" xml:lang="en" lang="en">
 <head>
  <title>
</title>
<meta http-equiv="Content-Type" content="text/html;charset=utf-8" />
  <meta name='ocr-system' content='tesseract 3.04.00' />
  <meta name='ocr-capabilities' content='ocr_page ocr_carea ocr_par ocr_line ocrx_word'/>
</head>
<body>
  <div class='ocr_page' id='page_1' title='image "./cplinisecundina04plingoog_0341.png"; bbox 0 0 2422 3840; ppageno 0'>
   <div class='ocr_carea' id='block_1_1' title="bbox 139 171 795 232">
    <p class='ocr_par' dir='ltr' id='par_1_1' title="bbox 139 171 795 232">
     <span class='ocr_line' id='line_1_1' title="bbox 139 171 795 232; baseline -0.009 -1"><span class='ocrx_word' id='word_1_1' title='bbox 139 171 202 232; x_wconf 77' lang='lat'><strong>282</strong></span> <span class='ocrx_word' id='word_1_2' title='bbox 489 179 795 228; x_wconf 79' lang='lat' dir='ltr'><strong>cammsnouunr</strong></span> 
     </span>
    </p>
   </div>
   <div class='ocr_carea' id='block_1_2' title="bbox 91 332 1185 3506">
    <p class='ocr_par' dir='ltr' id='par_1_2' title="bbox 139 332 1157 413">
     <span class='ocr_line' id='line_1_2' title="bbox 139 332 1157 413; baseline -0.004 -17"><span class='ocrx_word' id='word_1_3' title='bbox 139 338 258 396; x_wconf 79' lang='lat' dir='ltr'><strong>resistit.</strong></span> <span class='ocrx_word' id='word_1_4' title='bbox 285 335 468 410; x_wconf 75' lang='lat' dir='ltr'><strong>dysintericis</strong></span> <span class='ocrx_word' id='word_1_5' title='bbox 480 334 600 413; x_wconf 90' lang='lat' dir='ltr'><strong>prodest</strong></span> <span class='ocrx_word' id='word_1_6' title='bbox 614 333 752 407; x_wconf 80' lang='lat' dir='ltr'><strong>infusum,</strong></span> <span class='ocrx_word' id='word_1_7' title='bbox 767 333 835 392; x_wconf 92' lang='lat' dir='ltr'><strong>item</strong></span> <span class='ocrx_word' id='word_1_8' title='bbox 851 333 959 392; x_wconf 91' lang='lat' dir='ltr'><strong>inlitum</strong></span> <span class='ocrx_word' id='word_1_9' title='bbox 974 332 1111 409; x_wconf 82' lang='lat' dir='ltr'><strong>lentigini</strong></span> <span class='ocrx_word' id='word_1_10' title='bbox 1128 342 1157 392; x_wconf 91' lang='lat' dir='ltr'><strong>et</strong></span> 
     </span>
    </p>

    <p class='ocr_par' dir='ltr' id='par_1_3' title="bbox 92 417 1158 577">
     <span class='ocr_line' id='line_1_3' title="bbox 92 417 1158 493; baseline -0.003 -14"><span class='ocrx_word' id='word_1_11' title='bbox 92 423 96 429; x_wconf 77' lang='grc'>’</span> <span class='ocrx_word' id='word_1_12' title='bbox 140 421 289 479; x_wconf 86' lang='lat' dir='ltr'><strong>mulierum</strong></span> <span class='ocrx_word' id='word_1_13' title='bbox 310 418 387 477; x_wconf 87' lang='lat' dir='ltr'><strong>vitiis</strong></span> <span class='ocrx_word' id='word_1_14' title='bbox 410 419 438 477; x_wconf 95' lang='lat' dir='ltr'><strong>in</strong></span> <span class='ocrx_word' id='word_1_15' title='bbox 460 417 536 478; x_wconf 81' lang='lat' dir='ltr'><strong>facie</strong></span> <span class='ocrx_word' id='word_1_16' title='bbox 558 426 645 475; x_wconf 88' lang='lat' dir='ltr'><strong>noctu</strong></span> <span class='ocrx_word' id='word_1_17' title='bbox 675 417 800 491; x_wconf 91' lang='lat' dir='ltr'><strong>inlitum,</strong></span> <span class='ocrx_word' id='word_1_18' title='bbox 826 425 1032 493; x_wconf 91' lang='lat' dir='ltr'><strong>momentoque</strong></span> <span class='ocrx_word' id='word_1_19' title='bbox 1055 425 1158 476; x_wconf 90' lang='lat' dir='ltr'><strong>cutem</strong></span> 
     </span>
     <span class='ocr_line' id='line_1_4' title="bbox 142 499 970 577; baseline -0.005 -15"><span class='ocrx_word' id='word_1_20' title='bbox 142 502 273 562; x_wconf 91' lang='lat' dir='ltr'><strong>emendat</strong></span> <span class='ocrx_word' id='word_1_21' title='bbox 289 512 318 563; x_wconf 94' lang='lat' dir='ltr'><strong>et</strong></span> <span class='ocrx_word' id='word_1_22' title='bbox 330 503 454 561; x_wconf 82' lang='lat' dir='ltr'><strong>ramices</strong></span> <span class='ocrx_word' id='word_1_23' title='bbox 470 503 556 577; x_wconf 88' lang='lat' dir='ltr'><strong>lenit,</strong></span> <span class='ocrx_word' id='word_1_24' title='bbox 573 517 712 577; x_wconf 92' lang='lat' dir='ltr'><strong>equorum</strong></span> <span class='ocrx_word' id='word_1_25' title='bbox 730 501 815 559; x_wconf 90' lang='lat' dir='ltr'><strong>etiam</strong></span> <span class='ocrx_word' id='word_1_26' title='bbox 832 499 970 559; x_wconf 82' lang='lat' dir='ltr'><strong>scabiem.</strong></span> 
     </span>
    </p>

    <p class='ocr_par' dir='ltr' id='par_1_4' title="bbox 96 583 1177 899">
     <span class='ocr_line' id='line_1_5' title="bbox 96 583 1155 668; baseline -0.008 -18"><span class='ocrx_word' id='word_1_27' title='bbox 96 597 130 650; x_wconf 77' lang='lat'><strong>85</strong></span> <span class='ocrx_word' id='word_1_28' title='bbox 202 585 283 668; x_wconf 82' lang='grc'>(42.)</span> <span class='ocrx_word' id='word_1_29' title='bbox 307 585 448 660; x_wconf 87' lang='lat' dir='ltr'><strong>Sillybum</strong></span> <span class='ocrx_word' id='word_1_30' title='bbox 465 585 663 646; x_wconf 89' lang='lat' dir='ltr'><strong>chamaeleoni</strong></span> <span class='ocrx_word' id='word_1_31' title='bbox 685 583 751 643; x_wconf 89' lang='lat' dir='ltr'><strong>albo</strong></span> <span class='ocrx_word' id='word_1_32' title='bbox 770 583 909 659; x_wconf 77' lang='lat' dir='ltr'><strong>similem,</strong></span> <span class='ocrx_word' id='word_1_33' title='bbox 936 601 1032 660; x_wconf 88' lang='lat' dir='ltr'><strong>aeque</strong></span> <span class='ocrx_word' id='word_1_34' title='bbox 1051 585 1155 662; x_wconf 90' lang='lat' dir='ltr'><strong>spino·</strong></span> 
     </span>
     <span class='ocr_line' id='line_1_6' title="bbox 139 666 1177 748; baseline 0.001 -20"><span class='ocrx_word' id='word_1_35' title='bbox 139 688 217 744; x_wconf 89' lang='lat' dir='ltr'><strong>sam,</strong></span> <span class='ocrx_word' id='word_1_36' title='bbox 234 688 271 729; x_wconf 91' lang='lat' dir='ltr'><strong>ne</strong></span> <span class='ocrx_word' id='word_1_37' title='bbox 286 672 314 729; x_wconf 89' lang='lat' dir='ltr'><strong>in</strong></span> <span class='ocrx_word' id='word_1_38' title='bbox 333 668 433 729; x_wconf 78' lang='lat' dir='ltr'><strong>Cilicia</strong></span> <span class='ocrx_word' id='word_1_39' title='bbox 449 671 563 748; x_wconf 89' lang='lat' dir='ltr'><strong>quidem</strong></span> <span class='ocrx_word' id='word_1_40' title='bbox 583 677 631 728; x_wconf 90' lang='lat' dir='ltr'><strong>aut</strong></span> <span class='ocrx_word' id='word_1_41' title='bbox 646 669 729 742; x_wconf 91' lang='lat' dir='ltr'><strong>Syria</strong></span> <span class='ocrx_word' id='word_1_42' title='bbox 745 677 792 726; x_wconf 93' lang='lat' dir='ltr'><strong>aut</strong></span> <span class='ocrx_word' id='word_1_43' title='bbox 806 666 970 741; x_wconf 83' lang='lat' dir='ltr'><strong>Phoenice,</strong></span> <span class='ocrx_word' id='word_1_44' title='bbox 988 666 1038 725; x_wconf 94' lang='lat' dir='ltr'><strong>ubi</strong></span> <span class='ocrx_word' id='word_1_45' title='bbox 1055 669 1177 730; x_wconf 77' lang='lat' dir='ltr'><strong>nasci-s</strong></span> 
     </span>
     <span class='ocr_line' id='line_1_7' title="bbox 140 750 1155 832; baseline -0.003 -19"><span class='ocrx_word' id='word_1_46' title='bbox 140 763 201 828; x_wconf 92' lang='lat' dir='ltr'><strong>tur,</strong></span> <span class='ocrx_word' id='word_1_47' title='bbox 223 770 352 832; x_wconf 88' lang='lat' dir='ltr'><strong>coquere</strong></span> <span class='ocrx_word' id='word_1_48' title='bbox 373 754 443 812; x_wconf 88' lang='lat' dir='ltr'><strong>tanti</strong></span> <span class='ocrx_word' id='word_1_49' title='bbox 469 763 523 813; x_wconf 87' lang='lat' dir='ltr'><strong>est.</strong></span> <span class='ocrx_word' id='word_1_50' title='bbox 555 755 602 812; x_wconf 86' lang='lat' dir='ltr'><strong>ita·</strong></span> <span class='ocrx_word' id='word_1_51' title='bbox 617 768 744 830; x_wconf 88' lang='lat' dir='ltr'><strong>operosa</strong></span> <span class='ocrx_word' id='word_1_52' title='bbox 768 753 830 809; x_wconf 93' lang='lat' dir='ltr'><strong>eius</strong></span> <span class='ocrx_word' id='word_1_53' title='bbox 850 751 943 810; x_wconf 92' lang='lat' dir='ltr'><strong>culina</strong></span> <span class='ocrx_word' id='word_1_54' title='bbox 959 750 1093 810; x_wconf 88' lang='lat' dir='ltr'><strong>traditur.</strong></span> <span class='ocrx_word' id='word_1_55' title='bbox 1127 753 1155 810; x_wconf 90' lang='lat' dir='ltr'><strong>in</strong></span> 
     </span>
     <span class='ocr_line' id='line_1_8' title="bbox 140 836 622 899; baseline -0.002 -4"><span class='ocrx_word' id='word_1_56' title='bbox 140 838 283 899; x_wconf 90' lang='lat' dir='ltr'><strong>medicina</strong></span> <span class='ocrx_word' id='word_1_57' title='bbox 302 838 409 897; x_wconf 91' lang='lat' dir='ltr'><strong>nullum</strong></span> <span class='ocrx_word' id='word_1_58' title='bbox 425 855 506 896; x_wconf 92' lang='lat' dir='ltr'><strong>nsum</strong></span> <span class='ocrx_word' id='word_1_59' title='bbox 524 836 622 895; x_wconf 87' lang='lat' dir='ltr'><strong>habet.</strong></span> 
     </span>
    </p>

    <p class='ocr_par' dir='ltr' id='par_1_5' title="bbox 97 918 1185 1332">
     <span class='ocr_line' id='line_1_9' title="bbox 97 918 1154 1001; baseline -0.008 -17"><span class='ocrx_word' id='word_1_60' title='bbox 97 930 133 984; x_wconf 85' lang='lat'><strong>86</strong></span> <span class='ocrx_word' id='word_1_61' title='bbox 205 922 289 1001; x_wconf 88' lang='grc'>(43.)</span> <span class='ocrx_word' id='word_1_62' title='bbox 312 920 477 994; x_wconf 73' lang='lat' dir='ltr'><strong>scolymum</strong></span> <span class='ocrx_word' id='word_1_63' title='bbox 495 938 611 999; x_wconf 91' lang='lat' dir='ltr'><strong>quoque</strong></span> <span class='ocrx_word' id='word_1_64' title='bbox 631 921 660 978; x_wconf 94' lang='lat' dir='ltr'><strong>in</strong></span> <span class='ocrx_word' id='word_1_65' title='bbox 676 918 759 977; x_wconf 89' lang='lat' dir='ltr'><strong>cibos</strong></span> <span class='ocrx_word' id='word_1_66' title='bbox 784 919 898 997; x_wconf 92' lang='lat' dir='ltr'><strong>recepit</strong></span> <span class='ocrx_word' id='word_1_67' title='bbox 923 920 1023 976; x_wconf 90' lang='lat' dir='ltr'><strong>oriens</strong></span> <span class='ocrx_word' id='word_1_68' title='bbox 1043 927 1074 976; x_wconf 93' lang='lat' dir='ltr'><strong>et</strong></span> <span class='ocrx_word' id='word_1_69' title='bbox 1095 918 1154 978; x_wconf 94' lang='lat' dir='ltr'><strong>alio</strong></span> 
     </span>
     <span class='ocr_line' id='line_1_10' title="bbox 140 1001 1154 1081; baseline -0.003 -18"><span class='ocrx_word' id='word_1_70' title='bbox 140 1007 254 1066; x_wconf 89' lang='lat' dir='ltr'><strong>nomine</strong></span> <span class='ocrx_word' id='word_1_71' title='bbox 279 1005 422 1064; x_wconf 90' lang='lat' dir='ltr'><strong>limoniam</strong></span> <span class='ocrx_word' id='word_1_72' title='bbox 450 1004 619 1081; x_wconf 86' lang='lat' dir='ltr'><strong>appellavit.</strong></span> <span class='ocrx_word' id='word_1_73' title='bbox 654 1002 751 1061; x_wconf 78' lang='lat' dir='ltr'><strong>frutex</strong></span> <span class='ocrx_word' id='word_1_74' title='bbox 768 1011 818 1061; x_wconf 91' lang='lat' dir='ltr'><strong>est</strong></span> <span class='ocrx_word' id='word_1_75' title='bbox 846 1018 998 1081; x_wconf 79' lang='lat' dir='ltr'><strong>numquam</strong></span> <span class='ocrx_word' id='word_1_76' title='bbox 1032 1001 1154 1061; x_wconf 90' lang='lat' dir='ltr'><strong>cubitali</strong></span> 
     </span>
     <span class='ocr_line' id='line_1_11' title="bbox 141 1083 1185 1164; baseline -0.003 -16"><span class='ocrx_word' id='word_1_77' title='bbox 141 1089 227 1148; x_wconf 91' lang='lat' dir='ltr'><strong>altior</strong></span> <span class='ocrx_word' id='word_1_78' title='bbox 242 1090 396 1164; x_wconf 84' lang='lat' dir='ltr'><strong>cristisque</strong></span> <span class='ocrx_word' id='word_1_79' title='bbox 418 1087 553 1145; x_wconf 85' lang='lat' dir='ltr'><strong>foliorum</strong></span> <span class='ocrx_word' id='word_1_80' title='bbox 569 1103 604 1145; x_wconf 90' lang='lat' dir='ltr'><strong>ac</strong></span> <span class='ocrx_word' id='word_1_81' title='bbox 620 1085 719 1145; x_wconf 87' lang='lat' dir='ltr'><strong>radice</strong></span> <span class='ocrx_word' id='word_1_82' title='bbox 740 1086 839 1162; x_wconf 87' lang='lat' dir='ltr'><strong>nigra,</strong></span> <span class='ocrx_word' id='word_1_83' title='bbox 861 1085 913 1145; x_wconf 90' lang='lat' dir='ltr'><strong>sed</strong></span> <span class='ocrx_word' id='word_1_84' title='bbox 930 1085 1024 1162; x_wconf 88' lang='lat' dir='ltr'><strong>dulci,</strong></span> <span class='ocrx_word' id='word_1_85' title='bbox 1045 1083 1185 1145; x_wconf 85' lang='lat' dir='ltr'><strong>Erato-n</strong></span> 
     </span>
     <span class='ocr_line' id='line_1_12' title="bbox 140 1169 1154 1247; baseline 0 -18"><span class='ocrx_word' id='word_1_86' title='bbox 140 1171 235 1229; x_wconf 89' lang='lat' dir='ltr'><strong>stheni</strong></span> <span class='ocrx_word' id='word_1_87' title='bbox 250 1187 365 1247; x_wconf 90' lang='lat' dir='ltr'><strong>quoque</strong></span> <span class='ocrx_word' id='word_1_88' title='bbox 389 1169 502 1229; x_wconf 87' lang='lat' dir='ltr'><strong>laudata</strong></span> <span class='ocrx_word' id='word_1_89' title='bbox 518 1171 546 1228; x_wconf 93' lang='lat' dir='ltr'><strong>in</strong></span> <span class='ocrx_word' id='word_1_90' title='bbox 561 1169 682 1247; x_wconf 90' lang='lat' dir='ltr'><strong>pauperi</strong></span> <span class='ocrx_word' id='word_1_91' title='bbox 699 1187 780 1228; x_wconf 91' lang='lat' dir='ltr'><strong>cena.</strong></span> <span class='ocrx_word' id='word_1_92' title='bbox 814 1170 923 1229; x_wconf 88' lang='lat' dir='ltr'><strong>urinam</strong></span> <span class='ocrx_word' id='word_1_93' title='bbox 938 1169 1019 1229; x_wconf 89' lang='lat' dir='ltr'><strong>ciere</strong></span> <span class='ocrx_word' id='word_1_94' title='bbox 1036 1170 1154 1247; x_wconf 89' lang='lat' dir='ltr'><strong>praeci·</strong></span> 
     </span>
     <span class='ocr_line' id='line_1_13' title="bbox 141 1252 1154 1332; baseline 0.001 -21"><span class='ocrx_word' id='word_1_95' title='bbox 141 1271 197 1332; x_wconf 92' lang='lat' dir='ltr'><strong>pue</strong></span> <span class='ocrx_word' id='word_1_96' title='bbox 218 1253 354 1330; x_wconf 88' lang='lat' dir='ltr'><strong>traditur,</strong></span> <span class='ocrx_word' id='word_1_97' title='bbox 376 1270 480 1312; x_wconf 87' lang='lat' dir='ltr'><strong>sanare</strong></span> <span class='ocrx_word' id='word_1_98' title='bbox 502 1253 632 1313; x_wconf 87' lang='lat' dir='ltr'><strong>lichenas</strong></span> <span class='ocrx_word' id='word_1_99' title='bbox 655 1262 683 1311; x_wconf 94' lang='lat' dir='ltr'><strong>et</strong></span> <span class='ocrx_word' id='word_1_100' title='bbox 700 1252 799 1331; x_wconf 89' lang='lat' dir='ltr'><strong>lepras</strong></span> <span class='ocrx_word' id='word_1_101' title='bbox 821 1271 858 1312; x_wconf 85' lang='lat' dir='ltr'><strong>ex</strong></span> <span class='ocrx_word' id='word_1_102' title='bbox 883 1261 983 1328; x_wconf 87' lang='lat' dir='ltr'><strong>aceto,</strong></span> <span class='ocrx_word' id='word_1_103' title='bbox 1011 1271 1154 1312; x_wconf 88' lang='lat' dir='ltr'><strong>venerem</strong></span> 
     </span>
    </p>

    <p class='ocr_par' dir='ltr' id='par_1_6' title="bbox 97 1335 1183 2063">
     <span class='ocr_line' id='line_1_14' title="bbox 97 1335 1153 1413; baseline -0.002 -15"><span class='ocrx_word' id='word_1_104' title='bbox 97 1343 132 1399; x_wconf 85' lang='grc'><strong>87</strong></span> <span class='ocrx_word' id='word_1_105' title='bbox 140 1335 287 1395; x_wconf 87' lang='lat' dir='ltr'><strong>stimulare</strong></span> <span class='ocrx_word' id='word_1_106' title='bbox 308 1338 336 1395; x_wconf 91' lang='lat' dir='ltr'><strong>in</strong></span> <span class='ocrx_word' id='word_1_107' title='bbox 358 1337 423 1397; x_wconf 89' lang='lat' dir='ltr'><strong>vino</strong></span> <span class='ocrx_word' id='word_1_108' title='bbox 449 1337 578 1398; x_wconf 88' lang='lat' dir='ltr'><strong>Hesiodo</strong></span> <span class='ocrx_word' id='word_1_109' title='bbox 601 1345 631 1396; x_wconf 90' lang='lat' dir='ltr'><strong>et</strong></span> <span class='ocrx_word' id='word_1_110' title='bbox 645 1336 757 1396; x_wconf 82' lang='lat' dir='ltr'><strong>Alcaeo</strong></span> <span class='ocrx_word' id='word_1_111' title='bbox 779 1336 918 1410; x_wconf 86' lang='lat' dir='ltr'><strong>testibus,</strong></span> <span class='ocrx_word' id='word_1_112' title='bbox 946 1336 994 1413; x_wconf 93' lang='lat' dir='ltr'><strong>qni</strong></span> <span class='ocrx_word' id='word_1_113' title='bbox 1024 1335 1153 1396; x_wconf 82' lang='lat' dir='ltr'><strong>florente</strong></span> 
     </span>
     <span class='ocr_line' id='line_1_15' title="bbox 142 1420 1151 1483; baseline -0.004 0"><span class='ocrx_word' id='word_1_114' title='bbox 142 1439 176 1483; x_wconf 85' lang='lat' dir='ltr'><strong>ea</strong></span> <span class='ocrx_word' id='word_1_115' title='bbox 191 1421 308 1481; x_wconf 84' lang='lat' dir='ltr'><strong>cicadas</strong></span> <span class='ocrx_word' id='word_1_116' title='bbox 329 1421 461 1481; x_wconf 88' lang='lat' dir='ltr'><strong>acerrimi</strong></span> <span class='ocrx_word' id='word_1_117' title='bbox 479 1431 579 1481; x_wconf 92' lang='lat' dir='ltr'><strong>cantus</strong></span> <span class='ocrx_word' id='word_1_118' title='bbox 595 1438 663 1479; x_wconf 93' lang='lat' dir='ltr'><strong>esse</strong></span> <span class='ocrx_word' id='word_1_119' title='bbox 681 1429 710 1480; x_wconf 91' lang='lat' dir='ltr'><strong>et</strong></span> <span class='ocrx_word' id='word_1_120' title='bbox 724 1421 860 1480; x_wconf 91' lang='lat' dir='ltr'><strong>mulieres</strong></span> <span class='ocrx_word' id='word_1_121' title='bbox 875 1420 999 1479; x_wconf 91' lang='lat' dir='ltr'><strong>libidinis</strong></span> <span class='ocrx_word' id='word_1_122' title='bbox 1017 1420 1151 1480; x_wconf 83' lang='lat' dir='ltr'><strong>avidissi-</strong></span> 
     </span>
     <span class='ocr_line' id='line_1_16' title="bbox 141 1503 1183 1583; baseline 0.001 -20"><span class='ocrx_word' id='word_1_123' title='bbox 141 1522 200 1564; x_wconf 91' lang='lat' dir='ltr'><strong>mas</strong></span> <span class='ocrx_word' id='word_1_124' title='bbox 217 1505 355 1583; x_wconf 89' lang='lat' dir='ltr'><strong>virosque</strong></span> <span class='ocrx_word' id='word_1_125' title='bbox 368 1505 397 1562; x_wconf 93' lang='lat' dir='ltr'><strong>in</strong></span> <span class='ocrx_word' id='word_1_126' title='bbox 413 1505 517 1563; x_wconf 92' lang='lat' dir='ltr'><strong>coitum</strong></span> <span class='ocrx_word' id='word_1_127' title='bbox 532 1505 706 1582; x_wconf 84' lang='lat' dir='ltr'><strong>pigerrimos</strong></span> <span class='ocrx_word' id='word_1_128' title='bbox 722 1505 881 1583; x_wconf 82' lang='lat' dir='ltr'><strong>scripsere,</strong></span> <span class='ocrx_word' id='word_1_129' title='bbox 897 1503 978 1562; x_wconf 87' lang='lat' dir='ltr'><strong>velut</strong></span> <span class='ocrx_word' id='word_1_130' title='bbox 992 1504 1183 1581; x_wconf 69' lang='lat' dir='ltr'><strong>providem-15</strong></span> 
     </span>
     <span class='ocr_line' id='line_1_17' title="bbox 140 1587 1153 1664; baseline 0.001 -17"><span class='ocrx_word' id='word_1_131' title='bbox 140 1589 178 1648; x_wconf 92' lang='lat' dir='ltr'><strong>tia</strong></span> <span class='ocrx_word' id='word_1_132' title='bbox 199 1597 318 1647; x_wconf 89' lang='lat' dir='ltr'><strong>naturae</strong></span> <span class='ocrx_word' id='word_1_133' title='bbox 339 1588 396 1648; x_wconf 94' lang='lat' dir='ltr'><strong>hoc</strong></span> <span class='ocrx_word' id='word_1_134' title='bbox 416 1588 577 1647; x_wconf 89' lang='lat' dir='ltr'><strong>adiumento</strong></span> <span class='ocrx_word' id='word_1_135' title='bbox 605 1596 672 1646; x_wconf 93' lang='lat' dir='ltr'><strong>tunc</strong></span> <span class='ocrx_word' id='word_1_136' title='bbox 694 1588 901 1647; x_wconf 88' lang='lat' dir='ltr'><strong>valentissimo.</strong></span> <span class='ocrx_word' id='word_1_137' title='bbox 934 1587 1003 1646; x_wconf 93' lang='lat' dir='ltr'><strong>item</strong></span> <span class='ocrx_word' id='word_1_138' title='bbox 1024 1604 1153 1664; x_wconf 86' lang='lat' dir='ltr'><strong>graveo-</strong></span> 
     </span>
     <span class='ocr_line' id='line_1_18' title="bbox 140 1670 1155 1745; baseline 0.002 -15"><span class='ocrx_word' id='word_1_139' title='bbox 140 1672 254 1730; x_wconf 89' lang='lat' dir='ltr'><strong>lentiam</strong></span> <span class='ocrx_word' id='word_1_140' title='bbox 277 1670 384 1730; x_wconf 85' lang='lat' dir='ltr'><strong>aiarum</strong></span> <span class='ocrx_word' id='word_1_141' title='bbox 404 1672 537 1731; x_wconf 91' lang='lat' dir='ltr'><strong>emendat</strong></span> <span class='ocrx_word' id='word_1_142' title='bbox 563 1671 669 1730; x_wconf 89' lang='lat' dir='ltr'><strong>radicis</strong></span> <span class='ocrx_word' id='word_1_143' title='bbox 696 1671 887 1730; x_wconf 87' lang='lat' dir='ltr'><strong>emedullatae</strong></span> <span class='ocrx_word' id='word_1_144' title='bbox 911 1671 1011 1745; x_wconf 89' lang='lat' dir='ltr'><strong>uncia,</strong></span> <span class='ocrx_word' id='word_1_145' title='bbox 1041 1673 1071 1730; x_wconf 91' lang='lat' dir='ltr'><strong>in</strong></span> <span class='ocrx_word' id='word_1_146' title='bbox 1097 1673 1155 1732; x_wconf 86' lang='lat' dir='ltr'><strong>vini</strong></span> 
     </span>
     <span class='ocr_line' id='line_1_19' title="bbox 138 1752 1154 1815; baseline 0.002 -2"><span class='ocrx_word' id='word_1_147' title='bbox 138 1753 255 1814; x_wconf 88' lang='lat' dir='ltr'><strong>Falerni</strong></span> <span class='ocrx_word' id='word_1_148' title='bbox 273 1754 393 1814; x_wconf 89' lang='lat' dir='ltr'><strong>heminis</strong></span> <span class='ocrx_word' id='word_1_149' title='bbox 414 1755 505 1814; x_wconf 91' lang='lat' dir='ltr'><strong>tribus</strong></span> <span class='ocrx_word' id='word_1_150' title='bbox 524 1755 649 1815; x_wconf 90' lang='lat' dir='ltr'><strong>decocta</strong></span> <span class='ocrx_word' id='word_1_151' title='bbox 670 1754 705 1813; x_wconf 96' lang='lat' dir='ltr'><strong>ad</strong></span> <span class='ocrx_word' id='word_1_152' title='bbox 727 1755 829 1813; x_wconf 91' lang='lat' dir='ltr'><strong>tertias</strong></span> <span class='ocrx_word' id='word_1_153' title='bbox 845 1763 903 1813; x_wconf 92' lang='lat' dir='ltr'><strong>eta</strong></span> <span class='ocrx_word' id='word_1_154' title='bbox 921 1752 1039 1813; x_wconf 89' lang='lat' dir='ltr'><strong>balineo</strong></span> <span class='ocrx_word' id='word_1_155' title='bbox 1054 1755 1154 1815; x_wconf 90' lang='lat' dir='ltr'><strong>ieiuno</strong></span> 
     </span>
     <span class='ocr_line' id='line_1_20' title="bbox 140 1838 1154 1917; baseline 0.002 -21"><span class='ocrx_word' id='word_1_156' title='bbox 140 1840 266 1914; x_wconf 92' lang='lat' dir='ltr'><strong>itemque</strong></span> <span class='ocrx_word' id='word_1_157' title='bbox 288 1849 355 1916; x_wconf 93' lang='lat' dir='ltr'><strong>post</strong></span> <span class='ocrx_word' id='word_1_158' title='bbox 377 1838 471 1897; x_wconf 91' lang='lat' dir='ltr'><strong>cibum</strong></span> <span class='ocrx_word' id='word_1_159' title='bbox 493 1838 604 1913; x_wconf 77' lang='lat' dir='ltr'><strong>cyathis</strong></span> <span class='ocrx_word' id='word_1_160' title='bbox 627 1838 747 1914; x_wconf 88' lang='lat' dir='ltr'><strong>singulis</strong></span> <span class='ocrx_word' id='word_1_161' title='bbox 768 1846 847 1915; x_wconf 87' lang='lat' dir='ltr'><strong>pota.</strong></span> <span class='ocrx_word' id='word_1_162' title='bbox 882 1839 982 1896; x_wconf 85' lang='lat' dir='ltr'><strong>mirum</strong></span> <span class='ocrx_word' id='word_1_163' title='bbox 1005 1847 1052 1897; x_wconf 91' lang='lat' dir='ltr'><strong>est</strong></span> <span class='ocrx_word' id='word_1_164' title='bbox 1075 1839 1154 1917; x_wconf 93' lang='lat' dir='ltr'><strong>quod</strong></span> 
     </span>
     <span class='ocr_line' id='line_1_21' title="bbox 138 1919 1183 2000; baseline 0.007 -21"><span class='ocrx_word' id='word_1_165' title='bbox 138 1919 322 1980; x_wconf 88' lang='lat' dir='ltr'><strong>Xenocrates</strong></span> <span class='ocrx_word' id='word_1_166' title='bbox 341 1922 479 1998; x_wconf 89' lang='lat' dir='ltr'><strong>promittit</strong></span> <span class='ocrx_word' id='word_1_167' title='bbox 496 1923 710 1999; x_wconf 86' lang='lat' dir='ltr'><strong>experimento,</strong></span> <span class='ocrx_word' id='word_1_168' title='bbox 732 1922 832 1980; x_wconf 87' lang='lat' dir='ltr'><strong>vitium</strong></span> <span class='ocrx_word' id='word_1_169' title='bbox 845 1919 873 1981; x_wconf 91' lang='lat' dir='ltr'><strong>id</strong></span> <span class='ocrx_word' id='word_1_170' title='bbox 895 1938 931 1979; x_wconf 84' lang='lat' dir='ltr'><strong>ex</strong></span> <span class='ocrx_word' id='word_1_171' title='bbox 953 1921 1007 1980; x_wconf 94' lang='lat' dir='ltr'><strong>alis</strong></span> <span class='ocrx_word' id='word_1_172' title='bbox 1022 1940 1080 2000; x_wconf 86' lang='lat' dir='ltr'><strong>per</strong></span> <span class='ocrx_word' id='word_1_173' title='bbox 1096 1925 1183 1986; x_wconf 87' lang='lat' dir='ltr'><strong>uri-n</strong></span> 
     </span>
     <span class='ocr_line' id='line_1_22' title="bbox 139 2003 349 2063; baseline -0.005 -2"><span class='ocrx_word' id='word_1_174' title='bbox 139 2022 203 2062; x_wconf 89' lang='lat' dir='ltr'><strong>nam</strong></span> <span class='ocrx_word' id='word_1_175' title='bbox 217 2003 349 2063; x_wconf 84' lang='lat' dir='ltr'><strong>effluere.</strong></span> 
     </span>
    </p>

    <p class='ocr_par' dir='ltr' id='par_1_7' title="bbox 97 2084 1184 2582">
     <span class='ocr_line' id='line_1_23' title="bbox 97 2084 1152 2166; baseline 0.001 -18"><span class='ocrx_word' id='word_1_176' title='bbox 97 2095 134 2148; x_wconf 88' lang='grc'><strong>88</strong></span> <span class='ocrx_word' id='word_1_177' title='bbox 205 2085 291 2165; x_wconf 84' lang='grc'>(44.)</span> <span class='ocrx_word' id='word_1_178' title='bbox 314 2084 401 2145; x_wconf 86' lang='lat' dir='ltr'><strong>Estur</strong></span> <span class='ocrx_word' id='word_1_179' title='bbox 413 2095 443 2145; x_wconf 87' lang='lat' dir='ltr'><strong>et</strong></span> <span class='ocrx_word' id='word_1_180' title='bbox 460 2086 587 2146; x_wconf 89' lang='lat' dir='ltr'><strong>sonchos</strong></span> <span class='ocrx_word' id='word_1_181' title='bbox 600 2096 681 2146; x_wconf 86' lang='lat' dir='ltr'><strong>-ut</strong></span> <span class='ocrx_word' id='word_1_182' title='bbox 695 2103 780 2164; x_wconf 92' lang='lat' dir='ltr'><strong>quem</strong></span> <span class='ocrx_word' id='word_1_183' title='bbox 794 2086 910 2147; x_wconf 80' lang='lat' dir='ltr'><strong>Theseo</strong></span> <span class='ocrx_word' id='word_1_184' title='bbox 924 2087 999 2166; x_wconf 92' lang='lat' dir='ltr'><strong>apud</strong></span> <span class='ocrx_word' id='word_1_185' title='bbox 1015 2087 1152 2150; x_wconf 85' lang='lat' dir='ltr'><strong>Callima·</strong></span> 
     </span>
     <span class='ocr_line' id='line_1_24' title="bbox 140 2169 1153 2249; baseline 0.003 -20"><span class='ocrx_word' id='word_1_186' title='bbox 140 2169 223 2229; x_wconf 92' lang='lat' dir='ltr'><strong>chum</strong></span> <span class='ocrx_word' id='word_1_187' title='bbox 237 2170 669 2249; x_wconf 86' lang='lat' dir='ltr'><strong>adponatHecale-uterque,</strong></span> <span class='ocrx_word' id='word_1_188' title='bbox 683 2170 766 2230; x_wconf 90' lang='lat' dir='ltr'><strong>albus</strong></span> <span class='ocrx_word' id='word_1_189' title='bbox 776 2179 804 2229; x_wconf 93' lang='lat' dir='ltr'><strong>et</strong></span> <span class='ocrx_word' id='word_1_190' title='bbox 817 2173 910 2248; x_wconf 82' lang='lat' dir='ltr'><strong>niger.</strong></span> <span class='ocrx_word' id='word_1_191' title='bbox 928 2172 1063 2232; x_wconf 87' lang='lat' dir='ltr'><strong>lactucae</strong></span> <span class='ocrx_word' id='word_1_192' title='bbox 1076 2174 1153 2234; x_wconf 85' lang='lat' dir='ltr'><strong>simi·</strong></span> 
     </span>
     <span class='ocr_line' id='line_1_25' title="bbox 138 2254 1153 2332; baseline 0.002 -19"><span class='ocrx_word' id='word_1_193' title='bbox 138 2254 183 2313; x_wconf 90' lang='lat' dir='ltr'><strong>les</strong></span> <span class='ocrx_word' id='word_1_194' title='bbox 201 2254 300 2325; x_wconf 89' lang='lat' dir='ltr'><strong>ambo,</strong></span> <span class='ocrx_word' id='word_1_195' title='bbox 317 2256 371 2313; x_wconf 94' lang='lat' dir='ltr'><strong>nisi</strong></span> <span class='ocrx_word' id='word_1_196' title='bbox 384 2255 493 2332; x_wconf 90' lang='lat' dir='ltr'><strong>spinosi</strong></span> <span class='ocrx_word' id='word_1_197' title='bbox 510 2263 625 2328; x_wconf 81' lang='lat' dir='ltr'><strong>essent,</strong></span> <span class='ocrx_word' id='word_1_198' title='bbox 642 2255 725 2314; x_wconf 90' lang='lat' dir='ltr'><strong>caule</strong></span> <span class='ocrx_word' id='word_1_199' title='bbox 743 2254 874 2331; x_wconf 91' lang='lat' dir='ltr'><strong>cubitali,</strong></span> <span class='ocrx_word' id='word_1_200' title='bbox 894 2255 1058 2332; x_wconf 85' lang='lat' dir='ltr'><strong>anguloso,</strong></span> <span class='ocrx_word' id='word_1_201' title='bbox 1077 2259 1153 2318; x_wconf 90' lang='lat' dir='ltr'><strong>intus</strong></span> 
     </span>
     <span class='ocr_line' id='line_1_26' title="bbox 139 2338 1184 2416; baseline 0.008 -19"><span class='ocrx_word' id='word_1_202' title='bbox 139 2355 229 2416; x_wconf 92' lang='lat' dir='ltr'><strong>cavo,</strong></span> <span class='ocrx_word' id='word_1_203' title='bbox 245 2338 298 2399; x_wconf 88' lang='lat' dir='ltr'><strong>sed</strong></span> <span class='ocrx_word' id='word_1_204' title='bbox 313 2339 361 2415; x_wconf 93' lang='lat' dir='ltr'><strong>qui</strong></span> <span class='ocrx_word' id='word_1_205' title='bbox 374 2338 483 2397; x_wconf 83' lang='lat' dir='ltr'><strong>inactus</strong></span> <span class='ocrx_word' id='word_1_206' title='bbox 500 2339 622 2415; x_wconf 90' lang='lat' dir='ltr'><strong>copioso</strong></span> <span class='ocrx_word' id='word_1_207' title='bbox 636 2338 712 2398; x_wconf 85' lang='lat' dir='ltr'><strong>lacte</strong></span> <span class='ocrx_word' id='word_1_208' title='bbox 726 2347 831 2397; x_wconf 92' lang='lat' dir='ltr'><strong>manet.</strong></span> <span class='ocrx_word' id='word_1_209' title='bbox 863 2338 963 2414; x_wconf 90' lang='lat' dir='ltr'><strong>albus,</strong></span> <span class='ocrx_word' id='word_1_210' title='bbox 981 2341 1058 2400; x_wconf 90' lang='lat' dir='ltr'><strong>cuie</strong></span> <span class='ocrx_word' id='word_1_211' title='bbox 1075 2342 1184 2405; x_wconf 80' lang='lat' dir='ltr'><strong>lacteas</strong></span> 
     </span>
     <span class='ocr_line' id='line_1_27' title="bbox 138 2420 1152 2498; baseline 0.004 -20"><span class='ocrx_word' id='word_1_212' title='bbox 138 2423 231 2498; x_wconf 93' lang='lat' dir='ltr'><strong>nitor,</strong></span> <span class='ocrx_word' id='word_1_213' title='bbox 264 2422 342 2481; x_wconf 91' lang='lat' dir='ltr'><strong>utilis</strong></span> <span class='ocrx_word' id='word_1_214' title='bbox 362 2420 562 2497; x_wconf 85' lang='lat' dir='ltr'><strong>orthopnoicis</strong></span> <span class='ocrx_word' id='word_1_215' title='bbox 584 2421 758 2480; x_wconf 89' lang='lat' dir='ltr'><strong>lactucarum</strong></span> <span class='ocrx_word' id='word_1_216' title='bbox 782 2420 867 2481; x_wconf 95' lang='lat' dir='ltr'><strong>modo</strong></span> <span class='ocrx_word' id='word_1_217' title='bbox 889 2440 926 2481; x_wconf 85' lang='lat' dir='ltr'><strong>ex</strong></span> <span class='ocrx_word' id='word_1_218' title='bbox 948 2422 1152 2485; x_wconf 86' lang='lat' dir='ltr'><strong>embammate.</strong></span> 
     </span>
     <span class='ocr_line' id='line_1_28' title="bbox 138 2503 1154 2582; baseline 0.004 -20"><span class='ocrx_word' id='word_1_219' title='bbox 138 2503 330 2564; x_wconf 83' lang='lat' dir='ltr'><strong>Erasistratus</strong></span> <span class='ocrx_word' id='word_1_220' title='bbox 356 2503 485 2564; x_wconf 88' lang='lat' dir='ltr'><strong>calculos</strong></span> <span class='ocrx_word' id='word_1_221' title='bbox 511 2522 565 2582; x_wconf 89' lang='lat' dir='ltr'><strong>per</strong></span> <span class='ocrx_word' id='word_1_222' title='bbox 592 2505 699 2564; x_wconf 90' lang='lat' dir='ltr'><strong>urinam</strong></span> <span class='ocrx_word' id='word_1_223' title='bbox 719 2504 790 2582; x_wconf 91' lang='lat' dir='ltr'><strong>pelli</strong></span> <span class='ocrx_word' id='word_1_224' title='bbox 813 2522 849 2565; x_wconf 92' lang='lat' dir='ltr'><strong>eo</strong></span> <span class='ocrx_word' id='word_1_225' title='bbox 870 2514 1011 2565; x_wconf 86' lang='lat' dir='ltr'><strong>monstrat</strong></span> <span class='ocrx_word' id='word_1_226' title='bbox 1039 2517 1071 2567; x_wconf 90' lang='lat' dir='ltr'><strong>et</strong></span> <span class='ocrx_word' id='word_1_227' title='bbox 1095 2509 1154 2569; x_wconf 92' lang='lat' dir='ltr'><strong>oris</strong></span> 
     </span>
    </p>

    <p class='ocr_par' dir='ltr' id='par_1_8' title="bbox 94 2588 1183 3162">
     <span class='ocr_line' id='line_1_29' title="bbox 94 2588 1154 2664; baseline 0.001 -14"><span class='ocrx_word' id='word_1_228' title='bbox 94 2596 130 2650; x_wconf 88' lang='grc'><strong>89</strong></span> <span class='ocrx_word' id='word_1_229' title='bbox 138 2588 367 2664; x_wconf 85' lang='lat' dir='ltr'><strong>graveolentiam</strong></span> <span class='ocrx_word' id='word_1_230' title='bbox 386 2588 613 2648; x_wconf 83' lang='lat' dir='ltr'><strong>commanducato</strong></span> <span class='ocrx_word' id='word_1_231' title='bbox 630 2589 747 2664; x_wconf 83' lang='lat' dir='ltr'><strong>corrigi.</strong></span> <span class='ocrx_word' id='word_1_232' title='bbox 778 2607 865 2648; x_wconf 91' lang='lat' dir='ltr'><strong>sucus</strong></span> <span class='ocrx_word' id='word_1_233' title='bbox 882 2590 965 2648; x_wconf 89' lang='lat' dir='ltr'><strong>trium</strong></span> <span class='ocrx_word' id='word_1_234' title='bbox 981 2591 1154 2664; x_wconf 88' lang='lat' dir='ltr'><strong>cyathorum</strong></span> 
     </span>
     <span class='ocr_line' id='line_1_30' title="bbox 137 2671 1154 2750; baseline 0.005 -22"><span class='ocrx_word' id='word_1_235' title='bbox 137 2687 271 2729; x_wconf 89' lang='lat' dir='ltr'><strong>mensura</strong></span> <span class='ocrx_word' id='word_1_236' title='bbox 287 2672 315 2729; x_wconf 90' lang='lat' dir='ltr'><strong>in</strong></span> <span class='ocrx_word' id='word_1_237' title='bbox 330 2673 398 2729; x_wconf 92' lang='lat' dir='ltr'><strong>vino</strong></span> <span class='ocrx_word' id='word_1_238' title='bbox 417 2671 485 2731; x_wconf 94' lang='lat' dir='ltr'><strong>albo</strong></span> <span class='ocrx_word' id='word_1_239' title='bbox 502 2681 531 2730; x_wconf 87' lang='lat' dir='ltr'><strong>et</strong></span> <span class='ocrx_word' id='word_1_240' title='bbox 552 2671 620 2730; x_wconf 91' lang='lat' dir='ltr'><strong>oleo</strong></span> <span class='ocrx_word' id='word_1_241' title='bbox 638 2671 798 2731; x_wconf 87' lang='lat' dir='ltr'><strong>calefactus</strong></span> <span class='ocrx_word' id='word_1_242' title='bbox 815 2673 929 2732; x_wconf 85' lang='lat' dir='ltr'><strong>adiuuat</strong></span> <span class='ocrx_word' id='word_1_243' title='bbox 945 2681 1046 2750; x_wconf 85' lang='lat' dir='ltr'><strong>partus</strong></span> <span class='ocrx_word' id='word_1_244' title='bbox 1063 2676 1107 2736; x_wconf 89' lang='lat' dir='ltr'><strong>ita</strong></span> <span class='ocrx_word' id='word_1_245' title='bbox 1124 2683 1154 2734; x_wconf 88' lang='lat' dir='ltr'><strong>ut</strong></span> 
     </span>
     <span class='ocr_line' id='line_1_31' title="bbox 138 2753 1183 2834; baseline 0.007 -21"><span class='ocrx_word' id='word_1_246' title='bbox 138 2771 155 2813; x_wconf 91' lang='lat' dir='ltr'><strong>a</strong></span> <span class='ocrx_word' id='word_1_247' title='bbox 170 2762 241 2831; x_wconf 92' lang='lat' dir='ltr'><strong>potu</strong></span> <span class='ocrx_word' id='word_1_248' title='bbox 256 2753 402 2814; x_wconf 88' lang='lat' dir='ltr'><strong>ambulent</strong></span> <span class='ocrx_word' id='word_1_249' title='bbox 419 2755 567 2830; x_wconf 86' lang='lat' dir='ltr'><strong>gravidae.</strong></span> <span class='ocrx_word' id='word_1_250' title='bbox 606 2753 688 2813; x_wconf 90' lang='lat' dir='ltr'><strong>datur</strong></span> <span class='ocrx_word' id='word_1_251' title='bbox 709 2755 781 2814; x_wconf 89' lang='lat' dir='ltr'><strong>etin</strong></span> <span class='ocrx_word' id='word_1_252' title='bbox 797 2755 968 2816; x_wconf 89' lang='lat' dir='ltr'><strong>sorbitione.</strong></span> <span class='ocrx_word' id='word_1_253' title='bbox 1000 2757 1066 2834; x_wconf 90' lang='lat' dir='ltr'><strong>ipse</strong></span> <span class='ocrx_word' id='word_1_254' title='bbox 1085 2777 1183 2820; x_wconf 83' lang='lat' dir='ltr'><strong>cau-so</strong></span> 
     </span>
     <span class='ocr_line' id='line_1_32' title="bbox 137 2836 1153 2923; baseline 0.007 -27"><span class='ocrx_word' id='word_1_255' title='bbox 137 2836 173 2896; x_wconf 93' lang='lat' dir='ltr'><strong>lis</strong></span> <span class='ocrx_word' id='word_1_256' title='bbox 196 2837 336 2897; x_wconf 87' lang='lat' dir='ltr'><strong>decoctus</strong></span> <span class='ocrx_word' id='word_1_257' title='bbox 358 2837 428 2896; x_wconf 89' lang='lat' dir='ltr'><strong>iacit</strong></span> <span class='ocrx_word' id='word_1_258' title='bbox 451 2838 535 2897; x_wconf 91' lang='lat' dir='ltr'><strong>lactis</strong></span> <span class='ocrx_word' id='word_1_259' title='bbox 557 2837 756 2897; x_wconf 89' lang='lat' dir='ltr'><strong>abundantiam</strong></span> <span class='ocrx_word' id='word_1_260' title='bbox 777 2839 936 2900; x_wconf 90' lang='lat' dir='ltr'><strong>nutricibus</strong></span> <span class='ocrx_word' id='word_1_261' title='bbox 959 2840 1153 2923; x_wconf 90' lang='lat' dir='ltr'><strong>coloremque</strong></span> 
     </span>
     <span class='ocr_line' id='line_1_33' title="bbox 137 2919 1153 3001; baseline 0.008 -22"><span class='ocrx_word' id='word_1_262' title='bbox 137 2920 287 2981; x_wconf 89' lang='lat' dir='ltr'><strong>meliorem</strong></span> <span class='ocrx_word' id='word_1_263' title='bbox 310 2919 475 2996; x_wconf 81' lang='lat' dir='ltr'><strong>infantium,</strong></span> <span class='ocrx_word' id='word_1_264' title='bbox 498 2921 666 2980; x_wconf 90' lang='lat' dir='ltr'><strong>utilissimus</strong></span> <span class='ocrx_word' id='word_1_265' title='bbox 687 2921 822 3001; x_wconf 89' lang='lat' dir='ltr'><strong>hisquae</strong></span> <span class='ocrx_word' id='word_1_266' title='bbox 844 2923 890 2983; x_wconf 91' lang='lat' dir='ltr'><strong>lac</strong></span> <span class='ocrx_word' id='word_1_267' title='bbox 908 2923 963 2983; x_wconf 92' lang='lat' dir='ltr'><strong>sibi</strong></span> <span class='ocrx_word' id='word_1_268' title='bbox 985 2926 1070 2985; x_wconf 89' lang='lat' dir='ltr'><strong>coire</strong></span> <span class='ocrx_word' id='word_1_269' title='bbox 1087 2945 1153 2987; x_wconf 91' lang='lat' dir='ltr'><strong>seu·</strong></span> 
     </span>
     <span class='ocr_line' id='line_1_34' title="bbox 137 3003 1153 3085; baseline 0.008 -22"><span class='ocrx_word' id='word_1_270' title='bbox 137 3005 216 3063; x_wconf 90' lang='lat' dir='ltr'><strong>tiant.</strong></span> <span class='ocrx_word' id='word_1_271' title='bbox 246 3004 399 3064; x_wconf 89' lang='lat' dir='ltr'><strong>instillatur</strong></span> <span class='ocrx_word' id='word_1_272' title='bbox 420 3003 536 3064; x_wconf 88' lang='lat' dir='ltr'><strong>auribus</strong></span> <span class='ocrx_word' id='word_1_273' title='bbox 555 3022 659 3080; x_wconf 89' lang='lat' dir='ltr'><strong>sucus,</strong></span> <span class='ocrx_word' id='word_1_274' title='bbox 681 3004 849 3084; x_wconf 90' lang='lat' dir='ltr'><strong>calidusque</strong></span> <span class='ocrx_word' id='word_1_275' title='bbox 871 3009 900 3066; x_wconf 90' lang='lat' dir='ltr'><strong>in</strong></span> <span class='ocrx_word' id='word_1_276' title='bbox 923 3011 1094 3085; x_wconf 88' lang='lat' dir='ltr'><strong>stranguria</strong></span> <span class='ocrx_word' id='word_1_277' title='bbox 1112 3010 1153 3071; x_wconf 93' lang='lat' dir='ltr'><strong>bi·</strong></span> 
     </span>
     <span class='ocr_line' id='line_1_35' title="bbox 137 3086 1154 3162; baseline 0.009 -17"><span class='ocrx_word' id='word_1_278' title='bbox 137 3086 213 3147; x_wconf 89' lang='lat' dir='ltr'><strong>bitur</strong></span> <span class='ocrx_word' id='word_1_279' title='bbox 229 3089 323 3162; x_wconf 92' lang='lat' dir='ltr'><strong>cyathi</strong></span> <span class='ocrx_word' id='word_1_280' title='bbox 347 3105 481 3146; x_wconf 89' lang='lat' dir='ltr'><strong>mensura</strong></span> <span class='ocrx_word' id='word_1_281' title='bbox 503 3097 532 3147; x_wconf 93' lang='lat' dir='ltr'><strong>et</strong></span> <span class='ocrx_word' id='word_1_282' title='bbox 554 3088 583 3146; x_wconf 91' lang='lat' dir='ltr'><strong>iu</strong></span> <span class='ocrx_word' id='word_1_283' title='bbox 598 3087 740 3148; x_wconf 88' lang='lat' dir='ltr'><strong>stomachi</strong></span> <span class='ocrx_word' id='word_1_284' title='bbox 762 3090 926 3150; x_wconf 90' lang='lat' dir='ltr'><strong>rosionibus</strong></span> <span class='ocrx_word' id='word_1_285' title='bbox 953 3109 1017 3150; x_wconf 88' lang='lat' dir='ltr'><strong>cum</strong></span> <span class='ocrx_word' id='word_1_286' title='bbox 1039 3096 1154 3154; x_wconf 91' lang='lat' dir='ltr'><strong>semine</strong></span> 
     </span>
    </p>

    <p class='ocr_par' dir='ltr' id='par_1_9' title="bbox 93 3171 1183 3250">
     <span class='ocr_line' id='line_1_36' title="bbox 93 3171 1183 3250; baseline 0.005 -16"><span class='ocrx_word' id='word_1_287' title='bbox 93 3181 130 3236; x_wconf 80' lang='lat'><strong>90</strong></span> <span class='ocrx_word' id='word_1_288' title='bbox 139 3172 300 3231; x_wconf 90' lang='lat' dir='ltr'><strong>cucumeris</strong></span> <span class='ocrx_word' id='word_1_289' title='bbox 314 3172 485 3248; x_wconf 87' lang='lat' dir='ltr'><strong>nucleisque</strong></span> <span class='ocrx_word' id='word_1_290' title='bbox 501 3172 604 3250; x_wconf 89' lang='lat' dir='ltr'><strong>pineis.</strong></span> <span class='ocrx_word' id='word_1_291' title='bbox 632 3171 758 3232; x_wconf 89' lang='lat' dir='ltr'><strong>inlinitur</strong></span> <span class='ocrx_word' id='word_1_292' title='bbox 774 3183 804 3232; x_wconf 91' lang='lat' dir='ltr'><strong>et</strong></span> <span class='ocrx_word' id='word_1_293' title='bbox 818 3174 898 3234; x_wconf 90' lang='lat' dir='ltr'><strong>sedis</strong></span> <span class='ocrx_word' id='word_1_294' title='bbox 911 3174 1152 3239; x_wconf 77' lang='lat' dir='ltr'><strong>collectionibus</strong></span> <span class='ocrx_word' id='word_1_295' title='bbox 1162 3195 1183 3238; x_wconf 83' lang='lat' dir='ltr'><strong>tu</strong></span> 
     </span>
    </p>

    <p class='ocr_par' dir='ltr' id='par_1_10' title="bbox 91 3254 1154 3506">
     <span class='ocr_line' id='line_1_37' title="bbox 91 3254 1152 3334; baseline 0.008 -21"><span class='ocrx_word' id='word_1_296' title='bbox 91 3316 93 3321; x_wconf 74' lang='grc'>,</span> <span class='ocrx_word' id='word_1_297' title='bbox 138 3254 245 3315; x_wconf 88' lang='lat' dir='ltr'><strong>bibitur</strong></span> <span class='ocrx_word' id='word_1_298' title='bbox 267 3266 367 3316; x_wconf 89' lang='lat' dir='ltr'><strong>contra</strong></span> <span class='ocrx_word' id='word_1_299' title='bbox 383 3256 529 3334; x_wconf 89' lang='lat' dir='ltr'><strong>serpentis</strong></span> <span class='ocrx_word' id='word_1_300' title='bbox 551 3256 800 3334; x_wconf 85' lang='lat' dir='ltr'><strong>scorpionesque,</strong></span> <span class='ocrx_word' id='word_1_301' title='bbox 822 3258 906 3317; x_wconf 87' lang='lat' dir='ltr'><strong>radix</strong></span> <span class='ocrx_word' id='word_1_302' title='bbox 920 3274 991 3316; x_wconf 88' lang='lat' dir='ltr'><strong>vero</strong></span> <span class='ocrx_word' id='word_1_303' title='bbox 1010 3258 1152 3321; x_wconf 89' lang='lat' dir='ltr'><strong>inlinitur.</strong></span> 
     </span>
     <span class='ocr_line' id='line_1_38' title="bbox 138 3338 1153 3416; baseline 0.007 -18"><span class='ocrx_word' id='word_1_304' title='bbox 138 3339 240 3399; x_wconf 89' lang='lat' dir='ltr'><strong>eadem</strong></span> <span class='ocrx_word' id='word_1_305' title='bbox 262 3340 383 3399; x_wconf 91' lang='lat' dir='ltr'><strong>decocta</strong></span> <span class='ocrx_word' id='word_1_306' title='bbox 405 3340 433 3399; x_wconf 91' lang='lat' dir='ltr'><strong>in</strong></span> <span class='ocrx_word' id='word_1_307' title='bbox 449 3338 535 3414; x_wconf 92' lang='lat' dir='ltr'><strong>oleo,</strong></span> <span class='ocrx_word' id='word_1_308' title='bbox 559 3340 656 3416; x_wconf 92' lang='lat' dir='ltr'><strong>punici</strong></span> <span class='ocrx_word' id='word_1_309' title='bbox 676 3339 742 3398; x_wconf 91' lang='lat' dir='ltr'><strong>mali</strong></span> <span class='ocrx_word' id='word_1_310' title='bbox 759 3341 881 3416; x_wconf 89' lang='lat' dir='ltr'><strong>calyce,</strong></span> <span class='ocrx_word' id='word_1_311' title='bbox 904 3342 1013 3400; x_wconf 91' lang='lat' dir='ltr'><strong>aurium</strong></span> <span class='ocrx_word' id='word_1_312' title='bbox 1038 3344 1153 3404; x_wconf 91' lang='lat' dir='ltr'><strong>morbis</strong></span> 
     </span>
     <span class='ocr_line' id='line_1_39' title="bbox 128 3421 1154 3506; baseline 0.006 -24"><span class='ocrx_word' id='word_1_313' title='bbox 128 3423 311 3502; x_wconf 88' lang='lat' dir='ltr'><strong>praesidium</strong></span> <span class='ocrx_word' id='word_1_314' title='bbox 327 3433 381 3485; x_wconf 90' lang='lat' dir='ltr'><strong>est.</strong></span> <span class='ocrx_word' id='word_1_315' title='bbox 411 3423 593 3484; x_wconf 91' lang='lat' dir='ltr'><strong>haecomnia</strong></span> <span class='ocrx_word' id='word_1_316' title='bbox 610 3440 647 3481; x_wconf 87' lang='lat' dir='ltr'><strong>ex</strong></span> <span class='ocrx_word' id='word_1_317' title='bbox 662 3422 740 3483; x_wconf 92' lang='lat' dir='ltr'><strong>albo.</strong></span> <span class='ocrx_word' id='word_1_318' title='bbox 772 3421 964 3503; x_wconf 78' lang='lat' dir='ltr'><strong>Cleemporus</strong></span> <span class='ocrx_word' id='word_1_319' title='bbox 979 3425 1065 3502; x_wconf 84' lang='lat' dir='ltr'><strong>nigro</strong></span> <span class='ocrx_word' id='word_1_320' title='bbox 1084 3446 1154 3506; x_wconf 91' lang='lat' dir='ltr'><strong>pro·</strong></span> 
     </span>
    </p>
   </div>
   <div class='ocr_carea' id='block_1_3' title="bbox 0 0 1216 3840">
    <p class='ocr_par' dir='ltr' id='par_1_11' title="bbox 0 0 1216 3840">
     <span class='ocr_line' id='line_1_40' title="bbox 0 0 1216 3840; baseline 0 1"><span class='ocrx_word' id='word_1_321' title='bbox 0 0 1216 3840; x_wconf 95' lang='lat' dir='ltr'><strong> </strong></span> 
     </span>
    </p>
   </div>
  </div>
 </body>
</html>
