2422 3840
119 167 179 229 262
464 178 606 226 cruror
625 178 775 228 succum

117 335 246 413 partibus
269 334 344 393 aceti
368 335 551 410 permixtum.
591 333 799 411 Sampsuchum
820 334 883 392 sive
909 350 1074 396 amaracum
1096 337 1127 395 in

118 416 216 497 Cypro
242 417 465 477 laudatissimum
482 427 511 476 et
536 417 767 476 odoratissimum
792 415 996 493 scorpionibus
1018 418 1125 478 adver·

117 512 196 562 satur
223 520 261 560 ex
288 509 372 560 aceto
402 518 437 559 ac
464 501 527 560 sale
553 499 673 559 inlitum.
729 500 882 559 menstruis
905 517 1023 579 quoque
1050 503 1125 562 mul·

116 596 174 645 tum
192 584 305 644 confert
328 584 491 661 inpositum.
530 586 622 642 minor
650 583 743 643 eidem
769 585 914 661 potoris.
950 583 1071 644 cohibet
1096 595 1127 645 et

116 669 268 728 oculorum
296 668 452 745 epiphoras
479 685 541 726 curn
570 666 698 744 polenta.
745 685 831 725 sucus
855 667 973 726 decocti
999 670 1150 733 terminas

115 753 240 813 discutit.
265 761 294 810 et
305 752 393 811 urinis
406 761 435 810 et
448 751 617 828 hydropicis
631 751 709 809 utile.
732 759 830 809 movet
845 759 874 809 et
888 750 998 810 aridum
1009 760 1126 811 sternu-

114 846 218 895 menta.
235 837 265 894 fit
277 854 315 895 ex
328 853 363 894 eo
377 845 406 895 et
418 835 513 894 oleum
525 834 603 913 quod
616 834 975 911 sampsuchinumvocatur
986 843 1034 894 aut
1047 853 1126 896 ama·

114 923 241 980 racluum
262 919 298 978 ad
317 918 553 979 excalfaciendos
572 917 806 996 molliendosque
827 935 951 992 nervos,
971 927 1001 976 et
1019 918 1127 978 volvas

116 1004 243 1064 calfacit.
262 1002 332 1062 folia
341 1001 575 1078 suggillatiscum
587 1000 677 1060 melle
690 1001 830 1060 etluxatis
839 1018 902 1060 cum
911 1019 979 1061 cera
988 1011 1125 1079 prosunt.

75 1099 125 1153 164
189 1086 238 1147 23.
261 1085 346 1164 (94.)
372 1085 536 1143 Anemonas
559 1085 727 1143 coronarias
753 1093 859 1143 tantum
881 1085 1020 1160 diximus,
1048 1103 1163 1145 utiocto

72 1171 287 1229 “ureddemus
304 1176 333 1227 et
350 1167 489 1227 medicas.
523 1169 595 1227 Sunt
610 1168 658 1246 qui
674 1167 817 1246 phrenion
831 1177 948 1231 voceut.
987 1168 1044 1227 duo
1062 1170 1127 1229 eius

114 1271 240 1331 genera:
263 1255 352 1330 prima
369 1251 531 1326 silvestris,
553 1251 645 1311 altera
661 1250 745 1310 cultis
765 1269 907 1326 nascens,
931 1261 1054 1330 utraque
1079 1270 1126 1312 sa·

114 1337 235 1397 hulosis.
267 1335 350 1394 huius
371 1334 471 1413 plures
490 1336 623 1413 species,
648 1343 696 1394 aut
717 1337 790 1394 enim
811 1334 995 1412 phoenicium
1021 1335 1128 1395 florem

114 1420 221 1494 hahet,
244 1436 317 1496 quae
334 1428 363 1477 et
379 1419 579 1495 copiosissima
598 1427 653 1492 est,
670 1427 718 1478 aut
732 1436 906 1496 purpureum
921 1412 972 1478 aut
984 1418 1125 1478 lacteum.

113 1504 213 1563 harum
234 1500 317 1562 trium
338 1502 409 1562 folia
425 1504 490 1579 apio
508 1501 610 1560 similia
630 1511 711 1577 suut,
732 1520 788 1561 nec
810 1512 921 1562 temere
941 1503 1127 1580 semipedem
1139 1529 1164 1570 η

74 1598 123 1653 165
135 1586 283 1647 altitudine
308 1585 468 1660 excedunt,
491 1587 638 1645 cacumine
662 1587 806 1663 asparagi.
843 1585 897 1646 llos
914 1603 1070 1664 numquam
1093 1605 1129 1647 se

116 1673 210 1749 aperit
235 1671 289 1729 nisi
315 1679 402 1728 vento
428 1670 573 1746 spirante,
601 1668 676 1728 unde
703 1677 732 1728 ct
751 1685 855 1728 nomeu
882 1687 1038 1748 accepere.
1076 1671 1129 1731 sil·

114 1755 206 1813 vestri
228 1752 384 1831 amplitudo
401 1755 491 1812 maior
509 1752 718 1830 latioribusque
735 1752 829 1827 foliis,
858 1752 934 1812 llore-
954 1751 1127 1830 phoenicio.

115 1839 188 1898 hanc
206 1853 307 1902 errore
333 1835 410 1895 ducti
433 1853 611 1912 argemonen
632 1844 731 1913 putant
752 1836 849 1911 multi,
873 1836 922 1895 alii
945 1854 1048 1896 rursus
1074 1855 1128 1916 pa·

74 1941 142 1984 man
152 1939 243 1999 pavor
259 1918 335 1996 quod
357 1918 466 1977 rhoean
480 1921 658 1977 vocavimus.
680 1920 733 1979 sed
750 1920 896 1979 distinctio
911 1936 1024 1996 magna,
1045 1921 1163 1999 quodne

115 2015 237 2080 utraque
253 2002 327 2061 haec
341 2011 445 2078 postea
458 2001 572 2076 florent,
585 2018 641 2061 nec
656 2011 704 2062 aut
719 2022 818 2063 sucum
834 2003 948 2063 illamm
964 2020 1128 2064 anemonae

115 2086 238 2146 reddunt
255 2094 302 2144 aut
321 2083 439 2159 calyces
456 2085 562 2145 habent
578 2103 634 2148 nec
650 2086 705 2145 nisi
721 2087 856 2164 asparagi
873 2103 1021 2147 cacumen.
1056 2104 1128 2166 pro·

115 2177 181 2228 sunt
194 2186 352 2229 anemonae
375 2170 477 2247 capitis
499 2169 648 2229 doloribus
672 2179 701 2229 et
720 2169 1004 2246 inflammationibus,
1025 2170 1129 2230 volvis

115 2252 276 2328 mulierum,
289 2253 356 2313 lacti
370 2269 497 2332 quoque.
519 2262 548 2313 et
558 2263 703 2313 menstrua
715 2254 791 2313 cient
807 2272 869 2313 cum
884 2256 976 2314 tisana
990 2263 1128 2332 sumptae

74 2346 124 2402 166
138 2347 185 2398 aut
201 2338 315 2398 vellere
331 2336 493 2413 adpositae.
524 2337 608 2396 radix
632 2337 857 2397 conmanducata
883 2339 1012 2415 pituitam
1026 2337 1127 2413 trahit,
1139 2356 1164 2396 at

117 2422 211 2481 dentis
227 2430 318 2495 sanat,
340 2418 463 2478 decocta
480 2420 630 2480 oculorum
646 2419 803 2498 epiphoras
820 2429 849 2480 et
862 2421 1025 2482 cicatrices.
1046 2418 1130 2497 hlagi

58 2544 65 2556 .
117 2504 234 2563 multum
258 2504 374 2580 quidem
398 2502 434 2561 iis
460 2501 606 2577 tribuere,
634 2505 840 2581 quamprimum
867 2504 1060 2582 adspiciamr,
1088 2521 1128 2563 eo

118 2606 192 2646 anno
209 2587 272 2646 tolli
290 2586 422 2645 iubentes
439 2586 555 2663 dicique
576 2585 676 2662 colligi
698 2605 760 2646 cam
780 2588 911 2647 tertianis
927 2596 956 2646 et
977 2588 1129 2666 quartanis

116 2671 264 2744 remedio,
291 2679 395 2747 postea
420 2670 542 2747 adligari
560 2669 662 2745 florem
682 2688 777 2749 panno
793 2688 897 2731 russeo
920 2679 950 2730 et
970 2671 1000 2730 in
1022 2671 1131 2731 umbra

119 2753 279 2828 adservari,
298 2755 346 2826 ita,
367 2770 430 2810 cum
446 2769 520 2830 opus
535 2755 582 2828 sit,
604 2753 765 2829 adalligari.
801 2773 875 2833 quae
892 2772 930 2813 cx
942 2753 986 2813 his
1002 2754 1129 2832 phoeni·
1140 2773 1166 2815 ao

118 2839 192 2897 cium
209 2838 311 2897 florem
333 2835 421 2894 hahet
442 2836 541 2895 radice
560 2837 681 2895 contrita
700 2837 871 2916 cuicumque
896 2837 1061 2898 animalium
1085 2839 1129 2897 iu·

116 2922 214 3000 posita
229 2921 311 2981 ulcus
326 2918 395 2988 facit
418 2921 542 2997 styptica
562 2921 601 2977 vi.
625 2928 654 2979 ct
670 2920 737 2980 ideo
760 2921 956 3000 expurgandis
976 2920 1129 2982 ulceribus

116 3004 279 3066 adhibetur.

76 3098 125 3154 16?
190 3088 239 3148 24.
263 3087 347 3167 (95.)
371 3085 521 3146 0enanthe
539 3087 629 3148 herba
647 3090 774 3149 nascitur
793 3089 822 3147 in
834 3089 937 3167 petris,
951 3087 1023 3148 folio
1036 3091 1130 3166 pasti·

117 3190 226 3248 nacae,
252 3171 351 3231 radice
377 3189 495 3247 magna,
523 3189 685 3232 numerosa.
724 3173 814 3233 caulis
836 3173 899 3231 eius
915 3181 945 3231 et
968 3170 1039 3231 folia
1062 3190 1168 3234 cumas

117 3257 204 3317 melle
232 3274 266 3315 ac
283 3257 348 3315 vino
366 3256 448 3331 nigro
469 3263 537 3334 pota
558 3255 726 3317 facilitatem
752 3255 882 3335 pariendi
902 3262 1054 3333 praestant
1079 3275 1130 3317 se·

119 3341 285 3416 condasque
313 3349 452 3417 purgant,
480 3340 579 3399 tussim
607 3358 623 3398 e
647 3341 734 3400 melle
761 3341 882 3416 tollunt,
906 3340 1014 3400 urinam
1036 3340 1129 3404 cieut.

106 3423 197 3483 radix
211 3433 243 3484 et
257 3426 376 3486 vesicae
393 3424 469 3485 vitiis
484 3423 624 3484 medetur.
