2422 3840
164 161 225 223 192
486 173 516 221 c.
533 175 628 221 antur
644 174 794 222 succum

163 329 275 408 iubent,
292 330 344 389 sed
357 326 467 389 Citieus
483 346 583 388 semen
601 346 639 387 ex
654 346 728 406 aqua
742 329 851 405 tritum,
869 329 1038 389 Tarentinus
1054 349 1165 390 sucum.

163 414 269 473 lienem
289 413 357 470 item
378 421 551 487 extenuant,
574 412 696 471 iocineri
718 422 838 489 prosunt
860 422 888 472 et
904 413 1065 473 lumborum
1081 413 1165 474 dolo·

163 495 257 569 ribus,
272 495 439 573 hydropicis
456 512 572 574 quoque
588 513 625 554 ex
638 505 723 555 aceto
739 504 786 555 aut
796 497 889 575 sinapi
900 498 1004 576 sumpti
1016 506 1045 555 et
1056 496 1164 556 lethar-

117 579 235 654 26gicis
258 587 287 637 et
310 578 501 639 comitialibus
518 587 547 637 et
565 578 794 639 melancholicis.
825 578 1007 656 Praxagoras
1026 588 1055 638 et
1071 580 1165 639 iliosis

162 661 273 722 dandos
289 670 407 738 censet,
430 662 604 722 Plistonicus
628 671 656 722 et
678 663 827 723 coeliacis.
857 665 1054 722 intestinorum
1077 666 1189 722 etiams

162 746 262 805 ulcera
288 754 387 805 sanant
417 763 452 804 ac
474 744 626 822 purulenta
648 747 903 824 praecordiorum,
932 747 956 804 si
983 764 1046 805 cum
1073 743 1180 807 melle

163 830 292 889 edantur.
323 829 436 908 quidam
452 828 577 888 adhaec
593 847 722 907 coquere
739 847 792 890 eos
807 831 835 889 in
852 831 912 890 luto
928 830 1050 903 malunt,
1073 831 1117 888 sic
1134 840 1165 888 et

161 913 282 972 feminas
298 915 425 990 purgari.
457 931 495 971 ex
509 921 594 972 aceto
612 922 640 972 et
657 913 745 973 melle
763 916 868 993 sumpti
889 915 1086 973 intestinorum
1102 915 1162 971 ani·

162 996 245 1056 mulia
271 994 440 1070 detrahunt,
464 995 550 1055 iidem
570 996 606 1055 ad
627 998 726 1056 tertias
748 997 873 1056 decocto
896 1014 996 1056 eorum
1013 1005 1082 1075 poto
1098 1014 1165 1054 cum

161 1081 228 1138 vino
252 1078 457 1138 enterocelicis
480 1087 615 1157 prosunt,
643 1081 810 1156 sanguinem
834 1097 950 1158 quoque
974 1080 1100 1139 inutilem
1121 1080 1199 1139 sicro

117 1170 152 1225 27
163 1161 324 1221 extrahunt.
348 1161 509 1234 Mediusad
521 1163 595 1222 hacc
607 1170 635 1220 et
647 1164 813 1239 sanguinem
826 1162 1047 1223 exscreantibus
1060 1172 1164 1222 coctos

161 1246 223 1305 dari
237 1244 332 1320 iubet,
356 1255 385 1304 et
402 1247 554 1323 puerperis
574 1245 610 1304 ad
626 1244 709 1304 lactis
725 1247 839 1323 copiam
857 1246 1032 1323 augendam,
1052 1246 1163 1325 Hippo·

163 1337 258 1388 crates
282 1330 385 1406 capitis
407 1329 556 1388 mulierum
582 1327 706 1389 delluvia
728 1329 826 1390 iricari
845 1329 996 1409 raphanis,
1024 1339 1053 1389 et
1074 1348 1164 1407 super

162 1411 325 1472 umbilicum
347 1414 446 1491 inponi
465 1421 565 1474 contra
580 1419 722 1475 tormenta
737 1413 852 1473 volvae.
883 1413 1024 1474 reducunt
1040 1422 1070 1472 et
1086 1415 1163 1473 cica·
1187 1456 1189 1460 ,

162 1497 264 1555 tricem
286 1496 321 1555 ad
345 1496 485 1557 colorem.
518 1514 619 1555 semen
641 1514 757 1577 quoque
775 1516 812 1557 ex
829 1515 903 1576 aqua
921 1499 1074 1576 inpositum
1089 1497 1166 1557 sistit
1177 1512 1200 1552 rc

118 1579 261 1641 titulcera
284 1597 358 1656 quae
380 1579 586 1657 phagedaenas
605 1591 720 1640 vocant.
747 1580 931 1641 Democritus
946 1598 1085 1641 venerem
1107 1581 1166 1640 hoc

162 1660 227 1721 cibo
243 1662 381 1722 stimulari
400 1672 496 1741 putat,
518 1663 556 1723 ob
572 1663 600 1722 id
616 1663 750 1724 iortassis
765 1666 832 1724 voci
847 1680 957 1724 nocere
974 1665 1060 1742 aliqui
1076 1665 1165 1724 tradi·

162 1745 274 1805 derunt.
304 1745 374 1805 lolia
390 1764 464 1824 quae
481 1750 510 1806 in
526 1746 662 1824 oblongis
682 1749 826 1808 dumtaxat
842 1758 1014 1822 nascuntur,
1033 1748 1164 1806 excitare

162 1829 314 1900 oculorum
335 1831 428 1888 aciem
449 1830 597 1903 dicuntur,
619 1830 668 1889 ubi
683 1847 754 1890 vero
772 1831 868 1889 acrior
881 1831 1001 1908 raphani
1022 1831 1165 1890 medicina

162 1911 276 1972 admota
296 1912 348 1986 sit,
369 1911 513 1990 hysopum
538 1911 598 1971 dari
624 1913 754 1989 protinus
774 1914 924 1991 imperant.
958 1913 1032 1973 haec
1053 1916 1163 1993 antipa·
1176 1932 1201 1974 ao

161 1994 218 2052 thia
240 2002 293 2052 est.
324 2003 353 2054 et
374 1995 482 2055 aurium
505 1995 640 2071 gravitati
661 2013 760 2055 sucum
778 1997 898 2074 raphani
922 1997 1068 2057 instillant.
1099 2016 1166 2057 nam

160 2076 310 2135 vomituris
328 2094 438 2137 summo
456 2077 522 2138 cibo
542 2097 610 2138 csse
629 2096 680 2139 eos
696 2079 874 2140 utilissimum
891 2090 945 2141 est.

116 2169 152 2224 29
219 2160 303 2239 (14.)
326 2161 495 2223 Pastinacae
511 2162 603 2223 simile
618 2163 775 2239 hibiscum,
794 2165 871 2244 quod
885 2165 1040 2226 molochen
1053 2167 1166 2242 agriam

161 2252 267 2304 vocant
283 2253 311 2304 et
329 2245 417 2324 aliqui
435 2245 719 2326 πλειστολοχείαν,
736 2249 900 2324 ulceribus,
918 2249 1097 2326 cartilagini,
1116 2267 1165 2309 os-

162 2328 241 2388 sibus
255 2327 356 2389 iractis
370 2329 510 2390 medetur.
536 2330 606 2390 lolia
622 2333 685 2390 eius
701 2349 738 2391 cx
752 2349 826 2410 aqua
841 2341 911 2408 pota
925 2333 1020 2392 alvom
1033 2331 1165 2410 solvont,
1176 2357 1200 2398 su

161 2414 306 2489 serpentis
321 2412 449 2489 abigunt,
466 2415 577 2492 apium,
591 2430 756 2491 vesparum,
772 2412 943 2472 crabronum
958 2414 1063 2472 ictibus
1083 2416 1168 2477 inlita

160 2494 321 2554 medentur.
353 2497 481 2556 radicem
504 2497 566 2555 eius
587 2505 652 2555 ante
673 2495 745 2555 solis
767 2504 860 2554 ortum
882 2505 991 2556 erutam
1011 2498 1168 2561 involvont

162 2578 226 2637 lana
244 2578 353 2638 coloris
367 2596 453 2658 quem
466 2579 592 2638 nativonr
606 2587 728 2654 vocant,
746 2587 901 2657 praeterea
919 2581 981 2639 ovis
994 2599 1067 2659 quae
1080 2581 1165 2643 lemi-

162 2677 225 2718 nam
244 2663 374 2739 peperit,
393 2663 566 2741 strumisque
582 2661 631 2721 vel
645 2664 811 2740 suppuratis
828 2662 964 2740 adligant.
996 2666 1112 2742 quidam
1128 2667 1166 2728 ad

161 2743 236 2802 huuc
257 2762 339 2803 usum
357 2761 427 2803 auro
450 2744 641 2804 effodiendam
657 2755 791 2824 censent,
814 2747 1032 2826 cavendumque
1048 2768 1084 2808 ne
1102 2759 1162 2811 ter·
1175 2768 1200 2810 ac

161 2845 221 2887 ram
238 2828 368 2904 attingat.
395 2824 500 2887 Celsus
519 2837 547 2887 et
562 2828 701 2906 podagris
720 2847 793 2907 quae
812 2830 874 2888 siue
892 2839 1003 2891 tumore
1017 2833 1072 2892 sint
1087 2835 1164 2894 radi-

163 2929 226 2971 cem
243 2912 305 2970 eius
320 2909 348 2968 in'
363 2911 430 2969 vino
446 2912 599 2972 decoctam
617 2913 714 2989 inponi
730 2913 818 2975 iubet·

117 3004 155 3057 30
220 2996 248 3054 5.
263 2995 346 3074 (15.)
365 2992 496 3054 Alterum
510 3013 603 3072 genus
620 3005 665 3056 est
680 2994 877 3073 staphylinos,
896 2997 974 3075 quod
986 2998 1166 3077 pastinacam

162 3077 315 3137 erraticam
328 3087 442 3139 vocant.
474 3079 535 3137 eius
552 3097 652 3139 semen
667 3080 817 3139 contritum
835 3088 863 3139 et
878 3081 906 3139 in
921 3082 988 3141 vino
1006 3091 1104 3159 potum
1121 3093 1165 3144 tu·

161 3170 284 3221 mentem
299 3161 395 3221 alvom
411 3170 440 3221 et
456 3161 663 3223 suffocationes
679 3159 827 3223 mulierum
842 3162 1020 3243 doloresque
1043 3163 1116 3226 leurt
1136 3170 1200 3232 inca

162 3254 267 3306 tantum
293 3253 322 3305 ut
344 3245 446 3305 volvas
469 3248 611 3324 corrigat,
641 3247 750 3307 inlitum
772 3264 888 3325 quoque
915 3265 931 3306 e
951 3265 1039 3326 passo
1070 3253 1166 3311 ventri

163 3348 259 3390 earum
277 3330 386 3408 prosit,
410 3337 439 3389 et
460 3331 530 3389 viris
547 3347 619 3390 vero
634 3332 727 3411 prosit
744 3349 807 3390 cum
823 3332 904 3408 panis
919 3333 1053 3408 portione
1070 3349 1167 3412 aequa

154 3415 255 3472 tritum
281 3431 318 3474 ex
337 3413 405 3472 vino
426 3422 524 3493 potum
542 3423 641 3475 contra
659 3414 767 3474 ventris
782 3413 910 3473 dolores.
959 3413 1042 3492 pellit
1060 3424 1089 3474 et
1108 3420 1167 3478 uri·
