<?xml version="1.0" encoding="UTF-8"?>
<!DOCTYPE html PUBLIC "-//W3C//DTD XHTML 1.0 Transitional//EN"
    "http://www.w3.org/TR/xhtml1/DTD/xhtml1-transitional.dtd">
<html xmlns="http://www.w3.org/1999/xhtml" xml:lang="en" lang="en">
 <head>
  <title>
</title>
<meta http-equiv="Content-Type" content="text/html;charset=utf-8" />
  <meta name='ocr-system' content='tesseract 3.04.00' />
  <meta name='ocr-capabilities' content='ocr_page ocr_carea ocr_par ocr_line ocrx_word'/>
</head>
<body>
  <div class='ocr_page' id='page_1' title='image "./cplinisecundina04plingoog_0166.png"; bbox 0 0 2422 3840; ppageno 0'>
   <div class='ocr_carea' id='block_1_1' title="bbox 298 197 1099 275">
    <p class='ocr_par' dir='ltr' id='par_1_1' title="bbox 298 197 1099 275">
     <span class='ocr_line' id='line_1_1' title="bbox 298 197 1099 275; baseline 0.005 -22"><span class='ocrx_word' id='word_1_1' title='bbox 298 205 378 253; x_wconf 78' lang='lat' dir='ltr'><strong>usu.</strong></span> <span class='ocrx_word' id='word_1_2' title='bbox 396 205 488 254; x_wconf 77' lang='lat' dir='ltr'><strong>msa.</strong></span> <span class='ocrx_word' id='word_1_3' title='bbox 503 207 602 255; x_wconf 85' lang='lat' dir='ltr'><strong>xvrn.</strong></span> <span class='ocrx_word' id='word_1_4' title='bbox 616 203 701 258; x_wconf 82' lang='lat'><strong>7—8.</strong></span> <span class='ocrx_word' id='word_1_5' title='bbox 717 197 869 275; x_wconf 70' lang='lat' dir='ltr'><strong>(ru-19.)</strong></span> <span class='ocrx_word' id='word_1_6' title='bbox 1040 198 1099 258; x_wconf 80' lang='lat' dir='ltr'><strong>tot</strong></span> 
     </span>
    </p>
   </div>
   <div class='ocr_carea' id='block_1_2' title="bbox 23 360 1141 3521">
    <p class='ocr_par' dir='ltr' id='par_1_2' title="bbox 93 360 1098 687">
     <span class='ocr_line' id='line_1_2' title="bbox 93 360 1098 438; baseline 0.004 -19"><span class='ocrx_word' id='word_1_7' title='bbox 93 360 140 421; x_wconf 91' lang='lat' dir='ltr'><strong>nia</strong></span> <span class='ocrx_word' id='word_1_8' title='bbox 153 361 300 421; x_wconf 78' lang='lat' dir='ltr'><strong>dumtaxat</strong></span> <span class='ocrx_word' id='word_1_9' title='bbox 317 368 345 419; x_wconf 90' lang='lat' dir='ltr'><strong>et</strong></span> <span class='ocrx_word' id='word_1_10' title='bbox 359 360 513 438; x_wconf 77' lang='lat' dir='ltr'><strong>Aegypto,</strong></span> <span class='ocrx_word' id='word_1_11' title='bbox 532 360 616 437; x_wconf 87' lang='lat'>(17.)</span> <span class='ocrx_word' id='word_1_12' title='bbox 631 361 754 435; x_wconf 78' lang='lat' dir='ltr'><strong>amylum</strong></span> <span class='ocrx_word' id='word_1_13' title='bbox 768 378 840 420; x_wconf 88' lang='lat' dir='ltr'><strong>vero</strong></span> <span class='ocrx_word' id='word_1_14' title='bbox 857 379 895 420; x_wconf 84' lang='lat' dir='ltr'><strong>ex</strong></span> <span class='ocrx_word' id='word_1_15' title='bbox 911 363 988 422; x_wconf 91' lang='lat' dir='ltr'><strong>omui</strong></span> <span class='ocrx_word' id='word_1_16' title='bbox 1003 363 1098 423; x_wconf 78' lang='lat' dir='ltr'>tritico</span> 
     </span>
     <span class='ocr_line' id='line_1_3' title="bbox 93 443 1098 522; baseline 0.001 -18"><span class='ocrx_word' id='word_1_17' title='bbox 93 462 129 504; x_wconf 92' lang='lat' dir='ltr'><strong>ac</strong></span> <span class='ocrx_word' id='word_1_18' title='bbox 144 443 270 520; x_wconf 81' lang='lat' dir='ltr'><strong>siligine,</strong></span> <span class='ocrx_word' id='word_1_19' title='bbox 287 443 339 503; x_wconf 91' lang='lat' dir='ltr'><strong>sed</strong></span> <span class='ocrx_word' id='word_1_20' title='bbox 354 453 499 522; x_wconf 93' lang='lat' dir='ltr'><strong>optumum</strong></span> <span class='ocrx_word' id='word_1_21' title='bbox 515 461 532 501; x_wconf 91' lang='lat' dir='ltr'><strong>e</strong></span> <span class='ocrx_word' id='word_1_22' title='bbox 553 445 699 503; x_wconf 91' lang='lat' dir='ltr'><strong>trimestri.</strong></span> <span class='ocrx_word' id='word_1_23' title='bbox 732 446 859 504; x_wconf 90' lang='lat' dir='ltr'><strong>inventio</strong></span> <span class='ocrx_word' id='word_1_24' title='bbox 881 447 949 505; x_wconf 84' lang='lat' dir='ltr'><strong>eius</strong></span> <span class='ocrx_word' id='word_1_25' title='bbox 963 444 1036 505; x_wconf 92' lang='lat' dir='ltr'><strong>Chio</strong></span> <span class='ocrx_word' id='word_1_26' title='bbox 1057 450 1098 506; x_wconf 94' lang='lat' dir='ltr'><strong>in·</strong></span> 
     </span>
     <span class='ocr_line' id='line_1_4' title="bbox 93 525 1098 607; baseline 0.003 -21"><span class='ocrx_word' id='word_1_27' title='bbox 93 527 177 587; x_wconf 90' lang='lat' dir='ltr'><strong>sulae</strong></span> <span class='ocrx_word' id='word_1_28' title='bbox 197 525 329 601; x_wconf 90' lang='lat' dir='ltr'><strong>debetur,</strong></span> <span class='ocrx_word' id='word_1_29' title='bbox 350 536 379 586; x_wconf 90' lang='lat' dir='ltr'><strong>et</strong></span> <span class='ocrx_word' id='word_1_30' title='bbox 393 526 480 586; x_wconf 90' lang='lat' dir='ltr'><strong>hodie</strong></span> <span class='ocrx_word' id='word_1_31' title='bbox 496 526 720 586; x_wconf 90' lang='lat' dir='ltr'><strong>laudatissimum</strong></span> <span class='ocrx_word' id='word_1_32' title='bbox 734 528 800 587; x_wconf 93' lang='lat' dir='ltr'><strong>iude</strong></span> <span class='ocrx_word' id='word_1_33' title='bbox 817 537 863 587; x_wconf 90' lang='grc' dir='ltr'><strong>εει</strong></span> <span class='ocrx_word' id='word_1_34' title='bbox 874 529 1051 607; x_wconf 90' lang='lat' dir='ltr'><strong>appellatum</strong></span> <span class='ocrx_word' id='word_1_35' title='bbox 1062 530 1098 590; x_wconf 95' lang='lat' dir='ltr'><strong>ab</strong></span> 
     </span>
     <span class='ocr_line' id='line_1_5' title="bbox 95 610 1098 687; baseline 0.003 -17"><span class='ocrx_word' id='word_1_36' title='bbox 95 628 132 670; x_wconf 88' lang='lat' dir='ltr'><strong>eo</strong></span> <span class='ocrx_word' id='word_1_37' title='bbox 148 610 224 687; x_wconf 91' lang='lat' dir='ltr'><strong>quod</strong></span> <span class='ocrx_word' id='word_1_38' title='bbox 240 610 302 668; x_wconf 92' lang='lat' dir='ltr'><strong>siue</strong></span> <span class='ocrx_word' id='word_1_39' title='bbox 316 610 392 669; x_wconf 93' lang='lat' dir='ltr'><strong>mola</strong></span> <span class='ocrx_word' id='word_1_40' title='bbox 409 610 466 669; x_wconf 89' lang='lat' dir='ltr'><strong>liat.</strong></span> <span class='ocrx_word' id='word_1_41' title='bbox 493 626 663 687; x_wconf 88' lang='lat' dir='ltr'><strong>proxumum</strong></span> <span class='ocrx_word' id='word_1_42' title='bbox 684 612 820 668; x_wconf 84' lang='lat' dir='ltr'><strong>trimestri</strong></span> <span class='ocrx_word' id='word_1_43' title='bbox 842 612 918 687; x_wconf 93' lang='lat' dir='ltr'><strong>quod</strong></span> <span class='ocrx_word' id='word_1_44' title='bbox 939 631 955 673; x_wconf 93' lang='lat' dir='ltr'><strong>e</strong></span> <span class='ocrx_word' id='word_1_45' title='bbox 976 615 1098 673; x_wconf 87' lang='lat' dir='ltr'><strong>minume</strong></span> 
     </span>
    </p>

    <p class='ocr_par' dir='ltr' id='par_1_3' title="bbox 69 693 1139 1104">
     <span class='ocr_line' id='line_1_6' title="bbox 69 693 1098 773; baseline 0.003 -20"><span class='ocrx_word' id='word_1_46' title='bbox 69 720 83 760; x_wconf 70' lang='lat'><strong>5</strong></span> <span class='ocrx_word' id='word_1_47' title='bbox 95 694 259 773; x_wconf 91' lang='lat' dir='ltr'><strong>ponderoso</strong></span> <span class='ocrx_word' id='word_1_48' title='bbox 271 694 378 753; x_wconf 76' lang='lat' dir='ltr'><strong>tritico.</strong></span> <span class='ocrx_word' id='word_1_49' title='bbox 394 693 534 752; x_wconf 82' lang='lat' dir='ltr'><strong>madescit</strong></span> <span class='ocrx_word' id='word_1_50' title='bbox 546 693 622 752; x_wconf 93' lang='lat' dir='ltr'><strong>dulci</strong></span> <span class='ocrx_word' id='word_1_51' title='bbox 636 711 709 771; x_wconf 92' lang='lat' dir='ltr'><strong>aqua</strong></span> <span class='ocrx_word' id='word_1_52' title='bbox 720 695 749 752; x_wconf 92' lang='lat' dir='ltr'><strong>iu</strong></span> <span class='ocrx_word' id='word_1_53' title='bbox 761 694 866 770; x_wconf 78' lang='lat' dir='ltr'><strong>ligneis</strong></span> <span class='ocrx_word' id='word_1_54' title='bbox 877 697 955 754; x_wconf 90' lang='lat' dir='ltr'><strong>vasis</strong></span> <span class='ocrx_word' id='word_1_55' title='bbox 966 697 1005 755; x_wconf 93' lang='lat' dir='ltr'><strong>ita</strong></span> <span class='ocrx_word' id='word_1_56' title='bbox 1016 705 1047 755; x_wconf 94' lang='lat' dir='ltr'><strong>ut</strong></span> <span class='ocrx_word' id='word_1_57' title='bbox 1057 700 1098 757; x_wconf 92' lang='lat' dir='ltr'><strong>iu·</strong></span> 
     </span>
     <span class='ocr_line' id='line_1_7' title="bbox 92 776 1099 856; baseline 0.002 -19"><span class='ocrx_word' id='word_1_58' title='bbox 92 785 206 853; x_wconf 87' lang='lat' dir='ltr'><strong>tegatur</strong></span> <span class='ocrx_word' id='word_1_59' title='bbox 218 778 389 854; x_wconf 84' lang='lat' dir='ltr'><strong>quinquiens</strong></span> <span class='ocrx_word' id='word_1_60' title='bbox 400 777 429 834; x_wconf 91' lang='lat' dir='ltr'><strong>iu</strong></span> <span class='ocrx_word' id='word_1_61' title='bbox 440 776 487 835; x_wconf 90' lang='lat' dir='ltr'><strong>die</strong></span> <span class='ocrx_word' id='word_1_62' title='bbox 500 785 615 850; x_wconf 91' lang='lat' dir='ltr'><strong>mutata,</strong></span> <span class='ocrx_word' id='word_1_63' title='bbox 631 777 734 835; x_wconf 89' lang='lat' dir='ltr'><strong>melius</strong></span> <span class='ocrx_word' id='word_1_64' title='bbox 748 778 772 835; x_wconf 95' lang='lat' dir='ltr'><strong>si</strong></span> <span class='ocrx_word' id='word_1_65' title='bbox 787 786 816 835; x_wconf 91' lang='lat' dir='ltr'><strong>et</strong></span> <span class='ocrx_word' id='word_1_66' title='bbox 832 786 935 856; x_wconf 89' lang='lat' dir='ltr'><strong>noctu,</strong></span> <span class='ocrx_word' id='word_1_67' title='bbox 950 779 988 836; x_wconf 86' lang='lat' dir='ltr'><strong>ita</strong></span> <span class='ocrx_word' id='word_1_68' title='bbox 1005 788 1035 837; x_wconf 94' lang='lat' dir='ltr'><strong>ut</strong></span> <span class='ocrx_word' id='word_1_69' title='bbox 1049 783 1099 839; x_wconf 91' lang='lat' dir='ltr'><strong>mi·</strong></span> 
     </span>
     <span class='ocr_line' id='line_1_8' title="bbox 92 858 1139 938; baseline 0.005 -18"><span class='ocrx_word' id='word_1_70' title='bbox 92 869 208 921; x_wconf 88' lang='lat' dir='ltr'><strong>sceatur</strong></span> <span class='ocrx_word' id='word_1_71' title='bbox 233 861 352 937; x_wconf 89' lang='lat' dir='ltr'><strong>pariter.</strong></span> <span class='ocrx_word' id='word_1_72' title='bbox 383 858 540 918; x_wconf 88' lang='lat' dir='ltr'><strong>emollitum</strong></span> <span class='ocrx_word' id='word_1_73' title='bbox 564 861 643 938; x_wconf 90' lang='lat' dir='ltr'><strong>prius</strong></span> <span class='ocrx_word' id='word_1_74' title='bbox 669 878 753 937; x_wconf 90' lang='lat' dir='ltr'><strong>quam</strong></span> <span class='ocrx_word' id='word_1_75' title='bbox 780 869 916 936; x_wconf 85' lang='lat' dir='ltr'><strong>acescat,</strong></span> <span class='ocrx_word' id='word_1_76' title='bbox 939 861 1027 920; x_wconf 90' lang='lat' dir='ltr'><strong>linteo</strong></span> <span class='ocrx_word' id='word_1_77' title='bbox 1054 870 1139 925; x_wconf 77' lang='lat' dir='ltr'><strong>autll</strong></span> 
     </span>
     <span class='ocr_line' id='line_1_9' title="bbox 92 942 1099 1022; baseline 0 -18"><span class='ocrx_word' id='word_1_78' title='bbox 92 944 200 1022; x_wconf 88' lang='lat' dir='ltr'><strong>sportis</strong></span> <span class='ocrx_word' id='word_1_79' title='bbox 218 950 380 1018; x_wconf 90' lang='lat' dir='ltr'><strong>saccatum,</strong></span> <span class='ocrx_word' id='word_1_80' title='bbox 402 942 521 1019; x_wconf 91' lang='lat' dir='ltr'><strong>tegulae</strong></span> <span class='ocrx_word' id='word_1_81' title='bbox 543 943 697 1002; x_wconf 78' lang='lat' dir='ltr'><strong>infunditur</strong></span> <span class='ocrx_word' id='word_1_82' title='bbox 717 944 815 1005; x_wconf 92' lang='lat' dir='ltr'><strong>inlitae</strong></span> <span class='ocrx_word' id='word_1_83' title='bbox 831 943 990 1022; x_wconf 81' lang='lat' dir='ltr'><strong>fermento,</strong></span> <span class='ocrx_word' id='word_1_84' title='bbox 1012 953 1099 1022; x_wconf 90' lang='lat' dir='ltr'><strong>atque</strong></span> 
     </span>
     <span class='ocr_line' id='line_1_10' title="bbox 92 1023 1098 1104; baseline -0.001 -17"><span class='ocrx_word' id='word_1_85' title='bbox 92 1028 131 1087; x_wconf 93' lang='lat' dir='ltr'><strong>ita</strong></span> <span class='ocrx_word' id='word_1_86' title='bbox 147 1028 175 1085; x_wconf 92' lang='lat' dir='ltr'><strong>in</strong></span> <span class='ocrx_word' id='word_1_87' title='bbox 190 1026 254 1085; x_wconf 92' lang='lat' dir='ltr'><strong>sole</strong></span> <span class='ocrx_word' id='word_1_88' title='bbox 270 1025 415 1085; x_wconf 88' lang='lat' dir='ltr'><strong>densatur.</strong></span> <span class='ocrx_word' id='word_1_89' title='bbox 448 1035 515 1104; x_wconf 88' lang='lat' dir='ltr'><strong>post</strong></span> <span class='ocrx_word' id='word_1_90' title='bbox 531 1023 632 1085; x_wconf 89' lang='lat' dir='ltr'><strong>Chium</strong></span> <span class='ocrx_word' id='word_1_91' title='bbox 646 1045 777 1088; x_wconf 84' lang='lat' dir='ltr'><strong>maxume</strong></span> <span class='ocrx_word' id='word_1_92' title='bbox 793 1027 924 1087; x_wconf 89' lang='lat' dir='ltr'><strong>laudatur</strong></span> <span class='ocrx_word' id='word_1_93' title='bbox 942 1025 1098 1103; x_wconf 89' lang='lat' dir='ltr'><strong>Creticum,</strong></span> 
     </span>
    </p>

    <p class='ocr_par' dir='ltr' id='par_1_4' title="bbox 56 1109 1099 1272">
     <span class='ocr_line' id='line_1_11' title="bbox 56 1109 1099 1190; baseline 0.001 -21"><span class='ocrx_word' id='word_1_94' title='bbox 56 1139 82 1181; x_wconf 59' lang='grc' dir='ltr'><strong>ιο</strong></span> <span class='ocrx_word' id='word_1_95' title='bbox 93 1127 162 1169; x_wconf 84' lang='lat' dir='ltr'><strong>mox</strong></span> <span class='ocrx_word' id='word_1_96' title='bbox 179 1109 373 1188; x_wconf 76' lang='lat' dir='ltr'><strong>Aegyptium,</strong></span> <span class='ocrx_word' id='word_1_97' title='bbox 391 1110 587 1188; x_wconf 84' lang='lat' dir='ltr'><strong>—probatur</strong></span> <span class='ocrx_word' id='word_1_98' title='bbox 603 1119 696 1170; x_wconf 89' lang='lat' dir='ltr'><strong>autem</strong></span> <span class='ocrx_word' id='word_1_99' title='bbox 711 1111 819 1175; x_wconf 85' lang='lat' dir='ltr'><strong>levore</strong></span> <span class='ocrx_word' id='word_1_100' title='bbox 832 1120 861 1170; x_wconf 93' lang='lat' dir='ltr'><strong>et</strong></span> <span class='ocrx_word' id='word_1_101' title='bbox 875 1112 995 1171; x_wconf 89' lang='lat' dir='ltr'><strong>levitate</strong></span> <span class='ocrx_word' id='word_1_102' title='bbox 1012 1121 1099 1190; x_wconf 93' lang='lat' dir='ltr'><strong>atque</strong></span> 
     </span>
     <span class='ocr_line' id='line_1_12' title="bbox 93 1192 909 1272; baseline 0 -19"><span class='ocrx_word' id='word_1_103' title='bbox 93 1203 123 1253; x_wconf 94' lang='lat' dir='ltr'><strong>ut</strong></span> <span class='ocrx_word' id='word_1_104' title='bbox 139 1210 245 1252; x_wconf 89' lang='lat' dir='ltr'><strong>recens</strong></span> <span class='ocrx_word' id='word_1_105' title='bbox 259 1194 305 1269; x_wconf 89' lang='lat' dir='ltr'><strong>sit,</strong></span> <span class='ocrx_word' id='word_1_106' title='bbox 323 1229 364 1240; x_wconf 92' lang='lat'>-</span> <span class='ocrx_word' id='word_1_107' title='bbox 381 1195 481 1253; x_wconf 90' lang='lat' dir='ltr'><strong>iamet</strong></span> <span class='ocrx_word' id='word_1_108' title='bbox 497 1192 614 1253; x_wconf 88' lang='lat' dir='ltr'><strong>Catonis</strong></span> <span class='ocrx_word' id='word_1_109' title='bbox 632 1193 738 1253; x_wconf 90' lang='lat' dir='ltr'><strong>dictum</strong></span> <span class='ocrx_word' id='word_1_110' title='bbox 756 1195 830 1272; x_wconf 91' lang='lat' dir='ltr'><strong>apud</strong></span> <span class='ocrx_word' id='word_1_111' title='bbox 845 1211 909 1254; x_wconf 86' lang='lat' dir='ltr'><strong>nos.</strong></span> 
     </span>
    </p>

    <p class='ocr_par' dir='ltr' id='par_1_5' title="bbox 91 1276 1141 1522">
     <span class='ocr_line' id='line_1_13' title="bbox 157 1276 1141 1356; baseline 0.003 -19"><span class='ocrx_word' id='word_1_112' title='bbox 157 1277 241 1355; x_wconf 80' lang='lat'>(18.)</span> <span class='ocrx_word' id='word_1_113' title='bbox 262 1276 370 1337; x_wconf 87' lang='lat' dir='ltr'><strong>Hordei</strong></span> <span class='ocrx_word' id='word_1_114' title='bbox 383 1278 475 1337; x_wconf 79' lang='lat' dir='ltr'><strong>farina</strong></span> <span class='ocrx_word' id='word_1_115' title='bbox 493 1285 522 1336; x_wconf 91' lang='lat' dir='ltr'><strong>et</strong></span> <span class='ocrx_word' id='word_1_116' title='bbox 538 1277 573 1336; x_wconf 90' lang='lat' dir='ltr'><strong>ad</strong></span> <span class='ocrx_word' id='word_1_117' title='bbox 594 1277 766 1337; x_wconf 89' lang='lat' dir='ltr'><strong>medendum</strong></span> <span class='ocrx_word' id='word_1_118' title='bbox 787 1286 917 1354; x_wconf 84' lang='lat' dir='ltr'><strong>utuntur,</strong></span> <span class='ocrx_word' id='word_1_119' title='bbox 938 1280 1097 1356; x_wconf 90' lang='lat' dir='ltr'><strong>mirumque</strong></span> <span class='ocrx_word' id='word_1_120' title='bbox 1107 1286 1141 1341; x_wconf 83' lang='lat' dir='ltr'><strong>ta</strong></span> 
     </span>
     <span class='ocr_line' id='line_1_14' title="bbox 92 1359 1098 1440; baseline 0.001 -21"><span class='ocrx_word' id='word_1_121' title='bbox 92 1362 120 1419; x_wconf 91' lang='lat' dir='ltr'><strong>in</strong></span> <span class='ocrx_word' id='word_1_122' title='bbox 133 1379 187 1419; x_wconf 92' lang='lat' dir='ltr'><strong>usu</strong></span> <span class='ocrx_word' id='word_1_123' title='bbox 202 1362 393 1420; x_wconf 87' lang='lat' dir='ltr'><strong>iumentorum</strong></span> <span class='ocrx_word' id='word_1_124' title='bbox 409 1359 522 1436; x_wconf 83' lang='lat' dir='ltr'><strong>ignibus</strong></span> <span class='ocrx_word' id='word_1_125' title='bbox 543 1359 644 1419; x_wconf 88' lang='lat' dir='ltr'><strong>durato</strong></span> <span class='ocrx_word' id='word_1_126' title='bbox 667 1378 702 1419; x_wconf 89' lang='lat' dir='ltr'><strong>ac</strong></span> <span class='ocrx_word' id='word_1_127' title='bbox 721 1369 826 1438; x_wconf 91' lang='lat' dir='ltr'><strong>postea</strong></span> <span class='ocrx_word' id='word_1_128' title='bbox 849 1362 950 1421; x_wconf 92' lang='lat' dir='ltr'><strong>molito</strong></span> <span class='ocrx_word' id='word_1_129' title='bbox 975 1362 1098 1440; x_wconf 80' lang='lat' dir='ltr'><strong>ollisque</strong></span> 
     </span>
     <span class='ocr_line' id='line_1_15' title="bbox 91 1441 1098 1522; baseline 0 -20"><span class='ocrx_word' id='word_1_130' title='bbox 91 1444 212 1503; x_wconf 92' lang='lat' dir='ltr'><strong>humana</strong></span> <span class='ocrx_word' id='word_1_131' title='bbox 227 1460 311 1502; x_wconf 87' lang='lat' dir='ltr'><strong>manu</strong></span> <span class='ocrx_word' id='word_1_132' title='bbox 328 1444 461 1502; x_wconf 91' lang='lat' dir='ltr'><strong>demissis</strong></span> <span class='ocrx_word' id='word_1_133' title='bbox 478 1442 519 1519; x_wconf 90' lang='lat' dir='ltr'><strong>[in</strong></span> <span class='ocrx_word' id='word_1_134' title='bbox 536 1441 643 1519; x_wconf 84' lang='lat' dir='ltr'><strong>alvom}</strong></span> <span class='ocrx_word' id='word_1_135' title='bbox 658 1443 785 1501; x_wconf 91' lang='lat' dir='ltr'><strong>maiores</strong></span> <span class='ocrx_word' id='word_1_136' title='bbox 804 1445 847 1501; x_wconf 91' lang='lat' dir='ltr'><strong>eis</strong></span> <span class='ocrx_word' id='word_1_137' title='bbox 867 1446 937 1503; x_wconf 80' lang='lat' dir='ltr'><strong>viris</strong></span> <span class='ocrx_word' id='word_1_138' title='bbox 958 1453 1098 1522; x_wconf 92' lang='lat' dir='ltr'><strong>torosque</strong></span> 
     </span>
    </p>

    <p class='ocr_par' dir='ltr' id='par_1_6' title="bbox 56 1523 1099 1855">
     <span class='ocr_line' id='line_1_16' title="bbox 56 1523 1099 1604; baseline -0.001 -19"><span class='ocrx_word' id='word_1_139' title='bbox 56 1528 225 1604; x_wconf 63' lang='lat' dir='ltr'><strong>15corporis</strong></span> <span class='ocrx_word' id='word_1_140' title='bbox 241 1527 313 1585; x_wconf 90' lang='lat' dir='ltr'><strong>lieri.</strong></span> <span class='ocrx_word' id='word_1_141' title='bbox 345 1527 452 1603; x_wconf 89' lang='lat' dir='ltr'><strong>Spicae</strong></span> <span class='ocrx_word' id='word_1_142' title='bbox 468 1524 607 1599; x_wconf 88' lang='lat' dir='ltr'><strong>quaedam</strong></span> <span class='ocrx_word' id='word_1_143' title='bbox 622 1523 706 1583; x_wconf 93' lang='lat' dir='ltr'><strong>binos</strong></span> <span class='ocrx_word' id='word_1_144' title='bbox 727 1524 845 1584; x_wconf 88' lang='lat' dir='ltr'><strong>ordines</strong></span> <span class='ocrx_word' id='word_1_145' title='bbox 866 1525 988 1600; x_wconf 90' lang='lat' dir='ltr'><strong>habeut,</strong></span> <span class='ocrx_word' id='word_1_146' title='bbox 1011 1545 1099 1604; x_wconf 90' lang='lat' dir='ltr'><strong>quae·</strong></span> 
     </span>
     <span class='ocr_line' id='line_1_17' title="bbox 92 1608 1097 1688; baseline -0.003 -18"><span class='ocrx_word' id='word_1_147' title='bbox 92 1610 156 1670; x_wconf 92' lang='lat' dir='ltr'><strong>dam</strong></span> <span class='ocrx_word' id='word_1_148' title='bbox 166 1609 257 1688; x_wconf 92' lang='lat' dir='ltr'><strong>pluris</strong></span> <span class='ocrx_word' id='word_1_149' title='bbox 270 1608 411 1686; x_wconf 88' lang='lat' dir='ltr'><strong>usquead</strong></span> <span class='ocrx_word' id='word_1_150' title='bbox 424 1623 522 1667; x_wconf 91' lang='lat' dir='ltr'><strong>senos.</strong></span> <span class='ocrx_word' id='word_1_151' title='bbox 535 1623 625 1684; x_wconf 89' lang='lat' dir='ltr'><strong>grano</strong></span> <span class='ocrx_word' id='word_1_152' title='bbox 638 1608 694 1686; x_wconf 92' lang='lat' dir='ltr'><strong>ipsi</strong></span> <span class='ocrx_word' id='word_1_153' title='bbox 706 1608 816 1684; x_wconf 88' lang='lat' dir='ltr'><strong>aliquot</strong></span> <span class='ocrx_word' id='word_1_154' title='bbox 827 1608 1022 1669; x_wconf 83' lang='lat' dir='ltr'><strong>differentiae:</strong></span> <span class='ocrx_word' id='word_1_155' title='bbox 1036 1609 1097 1668; x_wconf 90' lang='lat' dir='ltr'><strong>lon·</strong></span> 
     </span>
     <span class='ocr_line' id='line_1_18' title="bbox 91 1691 1097 1770; baseline 0.001 -19"><span class='ocrx_word' id='word_1_156' title='bbox 91 1695 157 1770; x_wconf 84' lang='lat' dir='ltr'><strong>gius</strong></span> <span class='ocrx_word' id='word_1_157' title='bbox 173 1693 326 1769; x_wconf 82' lang='lat' dir='ltr'><strong>leviusque</strong></span> <span class='ocrx_word' id='word_1_158' title='bbox 341 1700 390 1751; x_wconf 90' lang='lat' dir='ltr'><strong>aut</strong></span> <span class='ocrx_word' id='word_1_159' title='bbox 407 1691 525 1751; x_wconf 88' lang='lat' dir='ltr'><strong>brevius</strong></span> <span class='ocrx_word' id='word_1_160' title='bbox 544 1698 593 1750; x_wconf 93' lang='lat' dir='ltr'><strong>aut</strong></span> <span class='ocrx_word' id='word_1_161' title='bbox 612 1692 780 1767; x_wconf 85' lang='lat' dir='ltr'><strong>rotundius,</strong></span> <span class='ocrx_word' id='word_1_162' title='bbox 804 1691 951 1751; x_wconf 92' lang='lat' dir='ltr'><strong>candidius</strong></span> <span class='ocrx_word' id='word_1_163' title='bbox 975 1694 1097 1769; x_wconf 90' lang='lat' dir='ltr'><strong>nigrius·</strong></span> 
     </span>
     <span class='ocr_line' id='line_1_19' title="bbox 93 1774 1098 1855; baseline 0 -20"><span class='ocrx_word' id='word_1_164' title='bbox 93 1794 150 1854; x_wconf 94' lang='lat' dir='ltr'><strong>que</strong></span> <span class='ocrx_word' id='word_1_165' title='bbox 161 1776 209 1835; x_wconf 88' lang='lat' dir='ltr'><strong>vel</strong></span> <span class='ocrx_word' id='word_1_166' title='bbox 222 1777 267 1834; x_wconf 94' lang='lat' dir='ltr'><strong>cui</strong></span> <span class='ocrx_word' id='word_1_167' title='bbox 279 1793 405 1854; x_wconf 90' lang='lat' dir='ltr'><strong>purpura</strong></span> <span class='ocrx_word' id='word_1_168' title='bbox 421 1784 475 1834; x_wconf 97' lang='grc' dir='ltr'><strong>εει.</strong></span> <span class='ocrx_word' id='word_1_169' title='bbox 499 1774 597 1834; x_wconf 90' lang='lat' dir='ltr'><strong>ultimo</strong></span> <span class='ocrx_word' id='word_1_170' title='bbox 610 1774 646 1834; x_wconf 92' lang='lat' dir='ltr'><strong>ad</strong></span> <span class='ocrx_word' id='word_1_171' title='bbox 658 1775 815 1853; x_wconf 89' lang='lat' dir='ltr'><strong>polentam,</strong></span> <span class='ocrx_word' id='word_1_172' title='bbox 831 1785 930 1835; x_wconf 91' lang='lat' dir='ltr'><strong>contra</strong></span> <span class='ocrx_word' id='word_1_173' title='bbox 942 1785 1098 1855; x_wconf 90' lang='lat' dir='ltr'><strong>tempesta·</strong></span> 
     </span>
    </p>

    <p class='ocr_par' dir='ltr' id='par_1_7' title="bbox 39 1857 1141 1935">
     <span class='ocr_line' id='line_1_20' title="bbox 39 1857 1141 1935; baseline 0.005 -17"><span class='ocrx_word' id='word_1_174' title='bbox 39 1924 42 1931; x_wconf 55' lang='grc'>,</span> <span class='ocrx_word' id='word_1_175' title='bbox 91 1861 128 1918; x_wconf 90' lang='lat' dir='ltr'><strong>tis</strong></span> <span class='ocrx_word' id='word_1_176' title='bbox 142 1859 263 1919; x_wconf 92' lang='lat' dir='ltr'><strong>candido</strong></span> <span class='ocrx_word' id='word_1_177' title='bbox 278 1876 408 1918; x_wconf 85' lang='lat' dir='ltr'><strong>maxuma</strong></span> <span class='ocrx_word' id='word_1_178' title='bbox 423 1858 581 1920; x_wconf 87' lang='lat' dir='ltr'><strong>iufirmitas.</strong></span> <span class='ocrx_word' id='word_1_179' title='bbox 602 1858 750 1919; x_wconf 89' lang='lat' dir='ltr'><strong>Hordeum</strong></span> <span class='ocrx_word' id='word_1_180' title='bbox 764 1857 878 1935; x_wconf 82' lang='lat' dir='ltr'><strong>frugum</strong></span> <span class='ocrx_word' id='word_1_181' title='bbox 893 1862 1015 1919; x_wconf 91' lang='lat' dir='ltr'><strong>omnium</strong></span> <span class='ocrx_word' id='word_1_182' title='bbox 1026 1860 1097 1919; x_wconf 92' lang='lat' dir='ltr'><strong>mol·</strong></span> <span class='ocrx_word' id='word_1_183' title='bbox 1107 1869 1141 1926; x_wconf 81' lang='lat'><strong>79</strong></span> 
     </span>
    </p>

    <p class='ocr_par' dir='ltr' id='par_1_8' title="bbox 56 1942 1098 2189">
     <span class='ocr_line' id='line_1_21' title="bbox 56 1942 1098 2009; baseline 0 -7"><span class='ocrx_word' id='word_1_184' title='bbox 56 1968 83 2009; x_wconf 78' lang='lat'><strong>20</strong></span> <span class='ocrx_word' id='word_1_185' title='bbox 93 1943 229 2002; x_wconf 91' lang='lat' dir='ltr'><strong>lissimum</strong></span> <span class='ocrx_word' id='word_1_186' title='bbox 247 1952 301 2002; x_wconf 91' lang='lat' dir='ltr'><strong>est.</strong></span> <span class='ocrx_word' id='word_1_187' title='bbox 333 1944 392 2002; x_wconf 89' lang='lat' dir='ltr'><strong>seri</strong></span> <span class='ocrx_word' id='word_1_188' title='bbox 409 1959 467 2002; x_wconf 90' lang='lat' dir='ltr'><strong>uon</strong></span> <span class='ocrx_word' id='word_1_189' title='bbox 480 1943 542 2002; x_wconf 89' lang='lat' dir='ltr'><strong>volt</strong></span> <span class='ocrx_word' id='word_1_190' title='bbox 558 1943 612 2003; x_wconf 93' lang='lat' dir='ltr'><strong>uisi</strong></span> <span class='ocrx_word' id='word_1_191' title='bbox 627 1945 656 2002; x_wconf 93' lang='lat' dir='ltr'><strong>in</strong></span> <span class='ocrx_word' id='word_1_192' title='bbox 669 1945 748 2004; x_wconf 91' lang='lat' dir='ltr'><strong>sicca</strong></span> <span class='ocrx_word' id='word_1_193' title='bbox 761 1953 791 2002; x_wconf 92' lang='lat' dir='ltr'><strong>et</strong></span> <span class='ocrx_word' id='word_1_194' title='bbox 802 1942 896 2003; x_wconf 91' lang='lat' dir='ltr'><strong>soluta</strong></span> <span class='ocrx_word' id='word_1_195' title='bbox 908 1953 986 2003; x_wconf 88' lang='lat' dir='ltr'><strong>terra</strong></span> <span class='ocrx_word' id='word_1_196' title='bbox 998 1962 1033 2004; x_wconf 93' lang='lat' dir='ltr'><strong>ac</strong></span> <span class='ocrx_word' id='word_1_197' title='bbox 1044 1945 1098 2003; x_wconf 89' lang='lat' dir='ltr'><strong>uisi</strong></span> 
     </span>
     <span class='ocr_line' id='line_1_22' title="bbox 92 2025 1096 2106; baseline 0.002 -22"><span class='ocrx_word' id='word_1_198' title='bbox 92 2025 177 2086; x_wconf 87' lang='lat' dir='ltr'><strong>laeta.</strong></span> <span class='ocrx_word' id='word_1_199' title='bbox 209 2027 293 2104; x_wconf 90' lang='lat' dir='ltr'><strong>palea</strong></span> <span class='ocrx_word' id='word_1_200' title='bbox 310 2044 347 2085; x_wconf 84' lang='lat' dir='ltr'><strong>ex</strong></span> <span class='ocrx_word' id='word_1_201' title='bbox 363 2028 504 2103; x_wconf 77' lang='lat' dir='ltr'><strong>optumis,</strong></span> <span class='ocrx_word' id='word_1_202' title='bbox 528 2036 684 2086; x_wconf 91' lang='lat' dir='ltr'><strong>stramento</strong></span> <span class='ocrx_word' id='word_1_203' title='bbox 699 2045 772 2086; x_wconf 89' lang='lat' dir='ltr'><strong>vero</strong></span> <span class='ocrx_word' id='word_1_204' title='bbox 790 2027 898 2086; x_wconf 92' lang='lat' dir='ltr'><strong>nullum</strong></span> <span class='ocrx_word' id='word_1_205' title='bbox 914 2037 1096 2106; x_wconf 84' lang='lat' dir='ltr'><strong>conparatur.</strong></span> 
     </span>
     <span class='ocr_line' id='line_1_23' title="bbox 90 2108 1097 2189; baseline 0.003 -22"><span class='ocrx_word' id='word_1_206' title='bbox 90 2108 232 2168; x_wconf 91' lang='lat' dir='ltr'><strong>hordeum</strong></span> <span class='ocrx_word' id='word_1_207' title='bbox 244 2128 282 2168; x_wconf 88' lang='lat' dir='ltr'><strong>ex</strong></span> <span class='ocrx_word' id='word_1_208' title='bbox 295 2111 370 2167; x_wconf 93' lang='lat' dir='ltr'><strong>omui</strong></span> <span class='ocrx_word' id='word_1_209' title='bbox 382 2109 524 2168; x_wconf 87' lang='lat' dir='ltr'><strong>frumento</strong></span> <span class='ocrx_word' id='word_1_210' title='bbox 536 2111 658 2167; x_wconf 92' lang='lat' dir='ltr'><strong>minume</strong></span> <span class='ocrx_word' id='word_1_211' title='bbox 667 2109 874 2186; x_wconf 86' lang='lat' dir='ltr'><strong>calamitosum,</strong></span> <span class='ocrx_word' id='word_1_212' title='bbox 887 2113 953 2189; x_wconf 93' lang='lat' dir='ltr'><strong>quia</strong></span> <span class='ocrx_word' id='word_1_213' title='bbox 965 2121 1031 2172; x_wconf 90' lang='lat' dir='ltr'><strong>ante</strong></span> <span class='ocrx_word' id='word_1_214' title='bbox 1043 2112 1097 2172; x_wconf 91' lang='lat' dir='ltr'><strong>tol·</strong></span> 
     </span>
    </p>

    <p class='ocr_par' dir='ltr' id='par_1_9' title="bbox 23 2189 1141 2850">
     <span class='ocr_line' id='line_1_24' title="bbox 23 2189 1098 2270; baseline 0.003 -20"><span class='ocrx_word' id='word_1_215' title='bbox 23 2256 27 2263; x_wconf 55' lang='grc'>,</span> <span class='ocrx_word' id='word_1_216' title='bbox 91 2191 158 2250; x_wconf 92' lang='lat' dir='ltr'><strong>litur</strong></span> <span class='ocrx_word' id='word_1_217' title='bbox 173 2208 256 2268; x_wconf 92' lang='lat' dir='ltr'><strong>quam</strong></span> <span class='ocrx_word' id='word_1_218' title='bbox 274 2193 398 2250; x_wconf 90' lang='lat' dir='ltr'><strong>triticum</strong></span> <span class='ocrx_word' id='word_1_219' title='bbox 414 2198 540 2269; x_wconf 89' lang='lat' dir='ltr'><strong>occupet</strong></span> <span class='ocrx_word' id='word_1_220' title='bbox 550 2189 665 2265; x_wconf 89' lang='lat' dir='ltr'><strong>robigo,</strong></span> <span class='ocrx_word' id='word_1_221' title='bbox 681 2192 777 2267; x_wconf 91' lang='lat' dir='ltr'><strong>itaque</strong></span> <span class='ocrx_word' id='word_1_222' title='bbox 789 2195 938 2270; x_wconf 89' lang='lat' dir='ltr'><strong>sapientes</strong></span> <span class='ocrx_word' id='word_1_223' title='bbox 949 2194 1098 2270; x_wconf 87' lang='lat' dir='ltr'><strong>agricolae</strong></span> 
     </span>
     <span class='ocr_line' id='line_1_25' title="bbox 92 2271 1096 2347; baseline 0.001 -15"><span class='ocrx_word' id='word_1_224' title='bbox 92 2275 218 2333; x_wconf 89' lang='lat' dir='ltr'><strong>triticum</strong></span> <span class='ocrx_word' id='word_1_225' title='bbox 234 2273 347 2333; x_wconf 90' lang='lat' dir='ltr'><strong>cibariis</strong></span> <span class='ocrx_word' id='word_1_226' title='bbox 363 2282 470 2333; x_wconf 92' lang='lat' dir='ltr'><strong>tantum</strong></span> <span class='ocrx_word' id='word_1_227' title='bbox 484 2280 599 2347; x_wconf 86' lang='lat' dir='ltr'><strong>serunt,</strong></span> <span class='ocrx_word' id='word_1_228' title='bbox 615 2271 754 2331; x_wconf 90' lang='lat' dir='ltr'><strong>hordeum</strong></span> <span class='ocrx_word' id='word_1_229' title='bbox 771 2274 890 2334; x_wconf 89' lang='lat' dir='ltr'><strong>sacculo</strong></span> <span class='ocrx_word' id='word_1_230' title='bbox 911 2278 971 2335; x_wconf 91' lang='lat' dir='ltr'><strong>seri</strong></span> <span class='ocrx_word' id='word_1_231' title='bbox 990 2277 1096 2335; x_wconf 86' lang='lat' dir='ltr'><strong>dicunt.</strong></span> 
     </span>
     <span class='ocr_line' id='line_1_26' title="bbox 55 2355 1141 2435; baseline -0.003 -14"><span class='ocrx_word' id='word_1_232' title='bbox 55 2365 252 2435; x_wconf 71' lang='lat' dir='ltr'><strong>eapropterea</strong></span> <span class='ocrx_word' id='word_1_233' title='bbox 274 2357 427 2417; x_wconf 89' lang='lat' dir='ltr'><strong>celerrime</strong></span> <span class='ocrx_word' id='word_1_234' title='bbox 448 2357 540 2432; x_wconf 89' lang='lat' dir='ltr'><strong>redit,</strong></span> <span class='ocrx_word' id='word_1_235' title='bbox 561 2355 826 2432; x_wconf 81' lang='lat' dir='ltr'><strong>fertilissimumque</strong></span> <span class='ocrx_word' id='word_1_236' title='bbox 850 2357 927 2435; x_wconf 94' lang='lat' dir='ltr'><strong>quod</strong></span> <span class='ocrx_word' id='word_1_237' title='bbox 948 2359 975 2415; x_wconf 89' lang='lat' dir='ltr'><strong>in</strong></span> <span class='ocrx_word' id='word_1_238' title='bbox 996 2357 1141 2435; x_wconf 79' lang='lat' dir='ltr'><strong>Hispa-80</strong></span> 
     </span>
     <span class='ocr_line' id='line_1_27' title="bbox 92 2439 1097 2520; baseline 0.002 -21"><span class='ocrx_word' id='word_1_239' title='bbox 92 2442 156 2500; x_wconf 86' lang='lat' dir='ltr'><strong>uiae</strong></span> <span class='ocrx_word' id='word_1_240' title='bbox 175 2439 349 2519; x_wconf 82' lang='lat' dir='ltr'><strong>Carthagine</strong></span> <span class='ocrx_word' id='word_1_241' title='bbox 363 2441 458 2520; x_wconf 81' lang='lat' dir='ltr'><strong>Aprili</strong></span> <span class='ocrx_word' id='word_1_242' title='bbox 472 2458 572 2500; x_wconf 91' lang='lat' dir='ltr'><strong>meuse</strong></span> <span class='ocrx_word' id='word_1_243' title='bbox 591 2439 746 2499; x_wconf 89' lang='lat' dir='ltr'><strong>collectum</strong></span> <span class='ocrx_word' id='word_1_244' title='bbox 763 2448 816 2498; x_wconf 91' lang='lat' dir='ltr'><strong>est.</strong></span> <span class='ocrx_word' id='word_1_245' title='bbox 849 2440 906 2500; x_wconf 93' lang='lat' dir='ltr'><strong>hoc</strong></span> <span class='ocrx_word' id='word_1_246' title='bbox 927 2441 1032 2500; x_wconf 92' lang='lat' dir='ltr'><strong>seritur</strong></span> <span class='ocrx_word' id='word_1_247' title='bbox 1048 2459 1097 2501; x_wconf 92' lang='lat' dir='ltr'><strong>eo·</strong></span> 
     </span>
     <span class='ocr_line' id='line_1_28' title="bbox 92 2522 1098 2604; baseline 0 -20"><span class='ocrx_word' id='word_1_248' title='bbox 92 2525 157 2584; x_wconf 92' lang='lat' dir='ltr'><strong>dem</strong></span> <span class='ocrx_word' id='word_1_249' title='bbox 171 2543 271 2584; x_wconf 86' lang='lat' dir='ltr'><strong>mense</strong></span> <span class='ocrx_word' id='word_1_250' title='bbox 286 2527 315 2584; x_wconf 92' lang='lat' dir='ltr'><strong>iu</strong></span> <span class='ocrx_word' id='word_1_251' title='bbox 330 2523 500 2600; x_wconf 83' lang='lat' dir='ltr'><strong>Celtiberia,</strong></span> <span class='ocrx_word' id='word_1_252' title='bbox 520 2524 683 2601; x_wconf 91' lang='lat' dir='ltr'><strong>eodemque</strong></span> <span class='ocrx_word' id='word_1_253' title='bbox 699 2538 773 2584; x_wconf 91' lang='lat' dir='ltr'><strong>anuo</strong></span> <span class='ocrx_word' id='word_1_254' title='bbox 788 2522 833 2583; x_wconf 93' lang='lat' dir='ltr'><strong>bis</strong></span> <span class='ocrx_word' id='word_1_255' title='bbox 847 2526 984 2584; x_wconf 90' lang='lat' dir='ltr'><strong>nascitur.</strong></span> <span class='ocrx_word' id='word_1_256' title='bbox 1021 2527 1098 2604; x_wconf 89' lang='lat' dir='ltr'><strong>rapi·</strong></span> 
     </span>
     <span class='ocr_line' id='line_1_29' title="bbox 91 2607 1096 2686; baseline 0.003 -21"><span class='ocrx_word' id='word_1_257' title='bbox 91 2617 137 2667; x_wconf 92' lang='lat' dir='ltr'><strong>tur</strong></span> <span class='ocrx_word' id='word_1_258' title='bbox 153 2624 268 2667; x_wconf 90' lang='lat' dir='ltr'><strong>omuea</strong></span> <span class='ocrx_word' id='word_1_259' title='bbox 288 2609 378 2685; x_wconf 91' lang='lat' dir='ltr'><strong>prima</strong></span> <span class='ocrx_word' id='word_1_260' title='bbox 393 2609 488 2668; x_wconf 88' lang='lat' dir='ltr'><strong>statim</strong></span> <span class='ocrx_word' id='word_1_261' title='bbox 502 2609 664 2667; x_wconf 92' lang='lat' dir='ltr'><strong>maturitate</strong></span> <span class='ocrx_word' id='word_1_262' title='bbox 678 2607 861 2667; x_wconf 86' lang='lat' dir='ltr'><strong>festinantius</strong></span> <span class='ocrx_word' id='word_1_263' title='bbox 882 2626 966 2686; x_wconf 91' lang='lat' dir='ltr'><strong>quam</strong></span> <span class='ocrx_word' id='word_1_264' title='bbox 987 2617 1096 2671; x_wconf 92' lang='lat' dir='ltr'><strong>cetera.</strong></span> 
     </span>
     <span class='ocr_line' id='line_1_30' title="bbox 91 2689 1096 2770; baseline 0.003 -21"><span class='ocrx_word' id='word_1_265' title='bbox 91 2690 189 2766; x_wconf 86' lang='lat' dir='ltr'><strong>fragili</strong></span> <span class='ocrx_word' id='word_1_266' title='bbox 212 2692 287 2749; x_wconf 90' lang='lat' dir='ltr'><strong>enim</strong></span> <span class='ocrx_word' id='word_1_267' title='bbox 308 2692 412 2770; x_wconf 89' lang='lat' dir='ltr'><strong>stipula</strong></span> <span class='ocrx_word' id='word_1_268' title='bbox 432 2701 461 2751; x_wconf 92' lang='lat' dir='ltr'><strong>et</strong></span> <span class='ocrx_word' id='word_1_269' title='bbox 481 2692 647 2752; x_wconf 90' lang='lat' dir='ltr'><strong>tenuissima</strong></span> <span class='ocrx_word' id='word_1_270' title='bbox 670 2689 755 2767; x_wconf 89' lang='lat' dir='ltr'><strong>palea</strong></span> <span class='ocrx_word' id='word_1_271' title='bbox 779 2708 899 2767; x_wconf 89' lang='lat' dir='ltr'><strong>granum</strong></span> <span class='ocrx_word' id='word_1_272' title='bbox 925 2695 1096 2752; x_wconf 90' lang='lat' dir='ltr'><strong>continetur.</strong></span> 
     </span>
     <span class='ocr_line' id='line_1_31' title="bbox 57 2774 1097 2850; baseline 0.003 -18"><span class='ocrx_word' id='word_1_273' title='bbox 57 2790 85 2832; x_wconf 86' lang='lat' dir='ltr'><strong>ao</strong></span> <span class='ocrx_word' id='word_1_274' title='bbox 96 2774 248 2833; x_wconf 90' lang='lat' dir='ltr'><strong>meliorem</strong></span> <span class='ocrx_word' id='word_1_275' title='bbox 267 2776 352 2833; x_wconf 91' lang='lat' dir='ltr'><strong>etiam</strong></span> <span class='ocrx_word' id='word_1_276' title='bbox 367 2775 514 2850; x_wconf 91' lang='lat' dir='ltr'><strong>polentam</strong></span> <span class='ocrx_word' id='word_1_277' title='bbox 530 2775 593 2835; x_wconf 92' lang='lat' dir='ltr'><strong>lieri</strong></span> <span class='ocrx_word' id='word_1_278' title='bbox 609 2774 732 2848; x_wconf 88' lang='lat' dir='ltr'><strong>tradunt,</strong></span> <span class='ocrx_word' id='word_1_279' title='bbox 753 2775 777 2833; x_wconf 91' lang='lat' dir='ltr'><strong>si</strong></span> <span class='ocrx_word' id='word_1_280' title='bbox 791 2791 848 2833; x_wconf 92' lang='lat' dir='ltr'><strong>uon</strong></span> <span class='ocrx_word' id='word_1_281' title='bbox 867 2785 989 2835; x_wconf 85' lang='lat' dir='ltr'><strong>excocta</strong></span> <span class='ocrx_word' id='word_1_282' title='bbox 1009 2786 1097 2836; x_wconf 90' lang='lat' dir='ltr'><strong>matu·</strong></span> 
     </span>
    </p>

    <p class='ocr_par' dir='ltr' id='par_1_10' title="bbox 92 2857 320 2918">
     <span class='ocr_line' id='line_1_32' title="bbox 92 2857 320 2918; baseline -0.004 -2"><span class='ocrx_word' id='word_1_283' title='bbox 92 2860 176 2918; x_wconf 92' lang='lat' dir='ltr'><strong>ritate</strong></span> <span class='ocrx_word' id='word_1_284' title='bbox 192 2857 320 2917; x_wconf 90' lang='lat' dir='ltr'><strong>tollatur.</strong></span> 
     </span>
    </p>

    <p class='ocr_par' dir='ltr' id='par_1_11' title="bbox 91 2939 1137 3187">
     <span class='ocr_line' id='line_1_33' title="bbox 155 2939 1137 3020; baseline 0.005 -18"><span class='ocrx_word' id='word_1_285' title='bbox 155 2941 184 3002; x_wconf 89' lang='lat'><strong>8.</strong></span> <span class='ocrx_word' id='word_1_286' title='bbox 207 2941 289 3019; x_wconf 84' lang='lat' dir='ltr'><strong>(to.)</strong></span> <span class='ocrx_word' id='word_1_287' title='bbox 315 2939 459 3000; x_wconf 83' lang='lat' dir='ltr'><strong>Frumenti</strong></span> <span class='ocrx_word' id='word_1_288' title='bbox 473 2959 582 3019; x_wconf 90' lang='lat' dir='ltr'><strong>genera</strong></span> <span class='ocrx_word' id='word_1_289' title='bbox 599 2959 657 3001; x_wconf 93' lang='lat' dir='ltr'><strong>non</strong></span> <span class='ocrx_word' id='word_1_290' title='bbox 672 2941 773 3001; x_wconf 92' lang='lat' dir='ltr'><strong>eadem</strong></span> <span class='ocrx_word' id='word_1_291' title='bbox 784 2941 902 3020; x_wconf 89' lang='lat' dir='ltr'><strong>ubique,</strong></span> <span class='ocrx_word' id='word_1_292' title='bbox 919 2941 1034 3001; x_wconf 91' lang='lat' dir='ltr'><strong>necubi</strong></span> <span class='ocrx_word' id='word_1_293' title='bbox 1049 2952 1137 3006; x_wconf 74' lang='grc' dir='ltr'><strong>εει-81</strong></span> 
     </span>
     <span class='ocr_line' id='line_1_34' title="bbox 93 3023 1098 3103; baseline 0 -18"><span class='ocrx_word' id='word_1_294' title='bbox 93 3025 157 3085; x_wconf 89' lang='lat' dir='ltr'><strong>dem</strong></span> <span class='ocrx_word' id='word_1_295' title='bbox 171 3033 236 3084; x_wconf 93' lang='lat' dir='ltr'><strong>sunt</strong></span> <span class='ocrx_word' id='word_1_296' title='bbox 249 3023 351 3084; x_wconf 92' lang='lat' dir='ltr'><strong>iisdem</strong></span> <span class='ocrx_word' id='word_1_297' title='bbox 366 3024 536 3084; x_wconf 89' lang='lat' dir='ltr'><strong>nominibus.</strong></span> <span class='ocrx_word' id='word_1_298' title='bbox 568 3025 766 3102; x_wconf 85' lang='lat' dir='ltr'><strong>volgatissima</strong></span> <span class='ocrx_word' id='word_1_299' title='bbox 784 3026 843 3101; x_wconf 87' lang='lat' dir='ltr'><strong>far,</strong></span> <span class='ocrx_word' id='word_1_300' title='bbox 867 3025 945 3103; x_wconf 91' lang='lat' dir='ltr'><strong>quod</strong></span> <span class='ocrx_word' id='word_1_301' title='bbox 961 3025 1098 3085; x_wconf 91' lang='lat' dir='ltr'><strong>adoreum</strong></span> 
     </span>
     <span class='ocr_line' id='line_1_35' title="bbox 91 3107 1098 3187; baseline 0.005 -22"><span class='ocrx_word' id='word_1_302' title='bbox 91 3117 210 3168; x_wconf 88' lang='lat' dir='ltr'><strong>veteres</strong></span> <span class='ocrx_word' id='word_1_303' title='bbox 233 3107 439 3186; x_wconf 85' lang='lat' dir='ltr'><strong>appeHarere,</strong></span> <span class='ocrx_word' id='word_1_304' title='bbox 466 3108 568 3185; x_wconf 89' lang='lat' dir='ltr'><strong>siligo,</strong></span> <span class='ocrx_word' id='word_1_305' title='bbox 586 3109 719 3168; x_wconf 92' lang='lat' dir='ltr'><strong>triticum.</strong></span> <span class='ocrx_word' id='word_1_306' title='bbox 750 3109 824 3168; x_wconf 90' lang='lat' dir='ltr'><strong>haec</strong></span> <span class='ocrx_word' id='word_1_307' title='bbox 850 3109 988 3187; x_wconf 90' lang='lat' dir='ltr'><strong>plurumis</strong></span> <span class='ocrx_word' id='word_1_308' title='bbox 1011 3112 1098 3170; x_wconf 91' lang='lat' dir='ltr'><strong>terris</strong></span> 
     </span>
    </p>

    <p class='ocr_par' dir='ltr' id='par_1_12' title="bbox 57 3189 1139 3521">
     <span class='ocr_line' id='line_1_36' title="bbox 57 3189 1097 3270; baseline 0.001 -19"><span class='ocrx_word' id='word_1_309' title='bbox 57 3193 261 3252; x_wconf 76' lang='lat' dir='ltr'><strong>sucommunia.</strong></span> <span class='ocrx_word' id='word_1_310' title='bbox 295 3191 392 3251; x_wconf 88' lang='lat' dir='ltr'><strong>arinca</strong></span> <span class='ocrx_word' id='word_1_311' title='bbox 414 3189 570 3252; x_wconf 85' lang='lat' dir='ltr'><strong>Galliarum</strong></span> <span class='ocrx_word' id='word_1_312' title='bbox 590 3194 708 3270; x_wconf 92' lang='lat' dir='ltr'><strong>propria</strong></span> <span class='ocrx_word' id='word_1_313' title='bbox 730 3195 851 3270; x_wconf 91' lang='lat' dir='ltr'><strong>copiosa</strong></span> <span class='ocrx_word' id='word_1_314' title='bbox 874 3202 902 3252; x_wconf 89' lang='lat' dir='ltr'><strong>et</strong></span> <span class='ocrx_word' id='word_1_315' title='bbox 924 3191 1025 3253; x_wconf 86' lang='lat' dir='ltr'><strong>ltaliae</strong></span> <span class='ocrx_word' id='word_1_316' title='bbox 1042 3203 1097 3269; x_wconf 84' lang='lat' dir='ltr'><strong>est,</strong></span> 
     </span>
     <span class='ocr_line' id='line_1_37' title="bbox 91 3273 1096 3354; baseline 0.001 -20"><span class='ocrx_word' id='word_1_317' title='bbox 91 3275 229 3354; x_wconf 75' lang='lat' dir='ltr'><strong>Aegypto</strong></span> <span class='ocrx_word' id='word_1_318' title='bbox 241 3284 336 3335; x_wconf 90' lang='lat' dir='ltr'><strong>autem</strong></span> <span class='ocrx_word' id='word_1_319' title='bbox 347 3293 382 3335; x_wconf 94' lang='lat' dir='ltr'><strong>ac</strong></span> <span class='ocrx_word' id='word_1_320' title='bbox 396 3276 500 3350; x_wconf 77' lang='lat' dir='ltr'><strong>Syriae</strong></span> <span class='ocrx_word' id='word_1_321' title='bbox 513 3273 693 3353; x_wconf 79' lang='lat' dir='ltr'><strong>Ciliciaeque</strong></span> <span class='ocrx_word' id='word_1_322' title='bbox 705 3274 829 3336; x_wconf 81' lang='lat' dir='ltr'><strong>ethsiae</strong></span> <span class='ocrx_word' id='word_1_323' title='bbox 845 3293 881 3335; x_wconf 95' lang='lat' dir='ltr'><strong>ac</strong></span> <span class='ocrx_word' id='word_1_324' title='bbox 893 3275 1034 3337; x_wconf 81' lang='lat' dir='ltr'><strong>Graeciae</strong></span> <span class='ocrx_word' id='word_1_325' title='bbox 1047 3294 1096 3353; x_wconf 93' lang='lat' dir='ltr'><strong>pe·</strong></span> 
     </span>
     <span class='ocr_line' id='line_1_38' title="bbox 93 3358 1139 3438; baseline 0.007 -23"><span class='ocrx_word' id='word_1_326' title='bbox 93 3359 216 3419; x_wconf 89' lang='lat' dir='ltr'><strong>culiares</strong></span> <span class='ocrx_word' id='word_1_327' title='bbox 231 3377 301 3434; x_wconf 84' lang='lat' dir='ltr'><strong>zea,</strong></span> <span class='ocrx_word' id='word_1_328' title='bbox 324 3359 422 3434; x_wconf 75' lang='lat' dir='ltr'><strong>olyra,</strong></span> <span class='ocrx_word' id='word_1_329' title='bbox 445 3359 535 3438; x_wconf 86' lang='lat' dir='ltr'><strong>tiphe.</strong></span> <span class='ocrx_word' id='word_1_330' title='bbox 571 3358 724 3437; x_wconf 76' lang='lat' dir='ltr'><strong>Aegyptus</strong></span> <span class='ocrx_word' id='word_1_331' title='bbox 738 3358 926 3436; x_wconf 88' lang='lat' dir='ltr'><strong>similaginem</strong></span> <span class='ocrx_word' id='word_1_332' title='bbox 947 3359 1063 3418; x_wconf 90' lang='lat' dir='ltr'><strong>coniicit</strong></span> <span class='ocrx_word' id='word_1_333' title='bbox 1079 3368 1139 3422; x_wconf 68' lang='lat' dir='ltr'><strong>etth</strong></span> 
     </span>
     <span class='ocr_line' id='line_1_39' title="bbox 92 3441 1109 3521; baseline -0.002 -24"><span class='ocrx_word' id='word_1_334' title='bbox 92 3441 187 3501; x_wconf 90' lang='lat' dir='ltr'><strong>tritico</strong></span> <span class='ocrx_word' id='word_1_335' title='bbox 210 3459 263 3502; x_wconf 90' lang='lat' dir='ltr'><strong>suo</strong></span> <span class='ocrx_word' id='word_1_336' title='bbox 287 3460 469 3521; x_wconf 89' lang='lat' dir='ltr'><strong>nequaquam</strong></span> <span class='ocrx_word' id='word_1_337' title='bbox 488 3441 590 3503; x_wconf 91' lang='lat' dir='ltr'><strong>ltaliae</strong></span> <span class='ocrx_word' id='word_1_338' title='bbox 613 3461 723 3521; x_wconf 90' lang='lat' dir='ltr'><strong>parem.</strong></span> <span class='ocrx_word' id='word_1_339' title='bbox 766 3443 814 3519; x_wconf 93' lang='lat' dir='ltr'><strong>qui</strong></span> <span class='ocrx_word' id='word_1_340' title='bbox 835 3459 889 3501; x_wconf 83' lang='lat' dir='ltr'><strong>aea</strong></span> <span class='ocrx_word' id='word_1_341' title='bbox 906 3451 1023 3500; x_wconf 72' lang='lat' dir='ltr'><strong>utuntur</strong></span> <span class='ocrx_word' id='word_1_342' title='bbox 1040 3459 1109 3497; x_wconf 62' lang='lat' dir='ltr'><strong>uus</strong></span> 
     </span>
    </p>
   </div>
   <div class='ocr_carea' id='block_1_3' title="bbox 0 0 1219 3840">
    <p class='ocr_par' dir='ltr' id='par_1_13' title="bbox 0 0 1219 3840">
     <span class='ocr_line' id='line_1_40' title="bbox 0 0 1219 3840; baseline 0 0"><span class='ocrx_word' id='word_1_343' title='bbox 0 0 1219 3840; x_wconf 95' lang='lat' dir='ltr'><strong> </strong></span> 
     </span>
    </p>
   </div>
  </div>
 </body>
</html>
