2422 3840
147 177 208 237 276
516 188 545 234 c.
564 188 660 235 111111
680 187 830 236 sucorum

105 353 140 407 53
209 347 292 425 (26.)
315 342 465 403 Anthemis
476 343 587 417 magnis
600 343 731 402 laudibus
744 342 908 402 celebratur
919 342 954 401 ab
965 342 1162 421 Asclepiade.

148 428 235 506 aliqui
252 424 481 488 leucanthemida
496 434 618 501 vocant,
634 426 681 486 alii
697 424 942 502 leucanthemum,
959 426 1008 485 alii
1024 427 1164 487 eranthe-

147 513 231 586 mida,
250 512 382 589 quoniam
397 527 468 568 1111
483 508 603 587 lloreat,
620 509 667 569 alii
684 509 917 584 chamaemelon,
935 510 1072 588 quoniam
1089 512 1164 569 odo·

147 613 208 653 rem
224 596 290 654 mali
312 594 427 654 habeat.
467 593 596 652 nonnulli
616 593 790 652 melanthion
808 602 923 652 vocant.
958 591 1074 653 Genera
1098 596 1194 655 eius.

147 681 200 737 tria
216 678 289 737 llore
306 687 411 737 tantum
430 678 551 750 distant,
567 676 692 753 palmum
708 693 765 734 non
784 677 974 752 excedentia,
989 678 1091 754 parvis
1109 677 1186 738 llo-s

147 762 225 821 ribus
241 771 340 837 rutae,
358 762 486 821 candidis
501 769 549 820 aut
560 760 670 818 malinis
686 769 734 819 aut
748 761 911 838 purpureis.
934 765 966 820 In
976 777 1076 820 macro
1094 761 1162 821 solo

148 855 195 905 aut
212 847 290 905 iuxta
305 847 421 906 semitas
439 844 586 920 colligitur
601 863 672 902 1111
688 844 758 902 etin
773 854 980 904 coronamenta
994 845 1160 922 reponitur.

148 930 252 989 eodem
274 939 405 1008 tempore
428 938 456 988 et
477 928 581 986 medici
603 927 674 987 iolia
696 936 778 986 tunsa
801 928 830 985 in
853 927 988 1005 pastillos
1011 927 1161 1005 digerunt,

105 1014 215 1078 51111111
232 1013 333 1073 florem
350 1021 379 1071 et
395 1014 532 1072 radicem.
562 1011 672 1071 Dantur
688 1012 781 1070 omnia
798 1012 885 1070 mixta
903 1011 1059 1072 drachmae
1075 1014 1162 1072 unius

147 1096 277 1174 pondere
297 1105 398 1156 contra
420 1096 595 1173 serpentium
620 1096 743 1152 omnium
768 1095 852 1154 ictus.
890 1095 1003 1172 pellunt
1027 1105 1193 1160 mortuostc

147 1189 262 1257 partus,
281 1181 349 1239 item
363 1189 509 1238 menstrua
526 1180 553 1237 in
569 1187 639 1255 potu
656 1187 684 1237 et
701 1180 783 1237 urina
798 1177 998 1257 calculosque.
1036 1179 1161 1240 inflatio·

147 1279 217 1336 nes,
240 1263 399 1322 iocinerum
417 1264 502 1337 vitia,
523 1262 611 1322 bilem
625 1261 789 1335 subiusam,
815 1262 962 1339 aegilopia
983 1263 1160 1323 conmandu-

148 1354 230 1421 cata,
256 1346 386 1407 ulcerum
407 1347 575 1424 eruptiones
596 1347 736 1405 manantis
760 1353 851 1407 sanat.
893 1344 939 1405 Ex
960 1346 1095 1405 omuibus
1117 1346 1160 1406 his

148 1431 305 1506 generibus
335 1433 369 1491 ad
395 1431 525 1492 calculos
547 1430 751 1489 ellicacissima
768 1438 812 1488 est
834 1446 908 1505 quae
927 1429 1030 1489 llor'em
1050 1448 1159 1508 purpu-

147 1516 229 1573 reum
240 1514 344 1590 babet,
362 1516 443 1575 cuius
459 1524 488 1573 et
503 1513 638 1573 foliorum
655 1522 684 1572 et
698 1513 810 1572 fruticis
826 1513 983 1591 amplitudo
999 1514 1162 1574 maiuscula
1169 1536 1192 1577 11

148 1607 204 1658 est.
233 1597 307 1658 banc
323 1600 442 1678 proprie
461 1597 573 1675 quidam
589 1597 777 1656 eranthemim
793 1605 909 1656 vocant.

105 1681 138 1734 55
212 1680 295 1762 (27.)
320 1681 412 1742 hoton
432 1684 479 1759 qni
495 1680 629 1740 arborem
644 1689 743 1758 putant
759 1689 866 1740 tantum
883 1698 950 1739 esse
966 1681 1014 1740 vel
1030 1680 1160 1742 Homero

148 1774 268 1824 auctore
286 1768 405 1843 coargui
426 1773 573 1843 possunt..
593 1765 618 1823 is
640 1765 713 1823 enim
735 1765 809 1823 inter
826 1764 933 1824 herbas
955 1764 1161 1826 subnascentis

147 1849 267 1910 deorum
290 1850 432 1927 voluptati
453 1849 535 1908 loton
558 1849 678 1925 primam
698 1849 864 1908 nominavit.
916 1848 986 1915 lolia
1008 1849 1073 1908 eius
1097 1868 1161 1909 cum

147 1931 235 1990 melle
252 1932 403 1992 oculorum
420 1932 590 2006 cicatrices,
609 1948 743 2007 argema,
760 1931 920 1992 nubeculas
936 1931 1106 1991 discutiunt.
1167 1949 1191 1990 ro

104 2016 139 2070 16
212 2013 296 2092 (28.)
318 2006 421 2073 111111
443 2015 597 2074 lotometra
619 2031 692 2090 quae
715 2015 746 2074 iit
770 2035 807 2075 ex
830 2016 890 2075 loto
914 2024 992 2090 sata,
1017 2034 1056 2074 ex
1078 2016 1162 2075 cuius

147 2098 256 2157 semine
271 2098 357 2157 simili
377 2099 436 2158 mili
458 2099 534 2175 putri
550 2098 620 2156 liunt
633 2115 724 2176 panes
742 2101 771 2158 in
785 2099 924 2178 Aegypto
947 2117 963 2158 a
978 2098 1160 2177 pastoribus,

146 2197 277 2242 maxume
293 2201 366 2260 1111
381 2183 430 2243 111
445 2183 521 2243 11111
536 2181 669 2241 subacto.
703 2192 826 2259 negatur
842 2184 994 2261 quicquam
1014 2182 1067 2242 illo
1085 2200 1161 2261 pane

146 2264 290 2326 salubrius
308 2287 375 2328 esse
390 2276 438 2328 aut
452 2267 564 2340 levius,
580 2266 646 2326 dum
662 2266 766 2325 caleat.
802 2266 995 2343 refrigeratus
1011 2265 1162 2325 difficilius

147 2352 338 2428 concoquitur
361 2352 448 2429 litque
474 2350 669 2429 ponderosus.
706 2358 819 2408 constat
843 2366 895 2408 eos
919 2351 967 2427 qui
989 2347 1042 2409 illo
1060 2349 1192 2410 vinantis

145 2450 201 2491 nec
228 2434 385 2509 dysinteria
414 2452 468 2494 nec
494 2443 625 2493 tenesmo
651 2450 746 2511 neque
774 2432 838 2491 aliis
858 2432 967 2492 morbis
990 2433 1160 2492 1111111111-

145 2515 255 2575 lestari.
289 2519 386 2595 itaque
402 2519 477 2576 inter
491 2515 619 2577 remedia
635 2533 735 2576 eorum
750 2516 867 2576 habent.

102 2593 174 2697 {71⁰9
208 2600 292 2678 (29.)
315 2600 479 2677 Heliotropi
495 2601 662 2660 miraculum
684 2601 800 2680 saepius
823 2601 946 2660 diximus
962 2617 1028 2658 cum
1044 2597 1112 2660 sole
1129 2617 1161 2659 11

104 2682 1052 2760 11111111111111111111111111111111111111,111111111111111111111.
1070 2693 1161 2745 noctu

143 2765 224 2825 velut
240 2765 386 2826 desiderio
400 2766 543 2826 contrabit
556 2768 720 2828 caeruleum
733 2768 846 2828 liorem.
878 2766 1068 2828 Generosius
1085 2767 1160 2826 duo:
1170 2787 1193 2829 ao

101 2850 301 2911 58tricoccum
317 2859 346 2907 11
361 2848 582 2927 helioscopium.
614 2849 671 2910 hoc
686 2852 788 2927 altius,
813 2868 985 2930 quamquam
1004 2859 1160 2930 utrumque

143 2933 351 3012 semipedalem
367 2932 543 2994 altitudinem
554 2949 612 2992 non
624 2934 751 3013 excedit,
767 2935 803 2994 ab
819 2953 875 2995 una
886 2934 986 2995 radice
1000 2950 1159 2994 ramosum.

143 3035 245 3076 semen
266 3019 293 3076 in
315 3004 448 3077 iolliculo
471 3016 616 3076 messibus
643 3017 799 3095 colligitur.
838 3020 966 3080 nascitur
988 3018 1107 3077 nonnisi
1133 3019 1161 3077 11

143 3101 242 3179 pingui
260 3101 325 3160 solo
340 3100 479 3180 cultoque
492 3119 636 3178 maxume,
653 3102 813 3162 tricoccum
825 3102 941 3181 ubique.
970 3102 995 3160 si
1007 3102 1160 3181 decoqua-

143 3194 206 3260 tur,
224 3185 338 3244 invenio
356 3185 428 3245 cibis
445 3185 565 3262 placere
581 3195 610 3244 et
627 3187 655 3245 in
670 3185 747 3246 lacte
764 3186 915 3247 iucundius
930 3185 1026 3245 alvom
1048 3186 1194 3248 mollirier

144 3278 191 3346 et,
207 3270 231 3328 si
247 3268 363 3330 decocti
379 3287 466 3328 sucus
484 3268 613 3344 bibatur,
631 3270 836 3330 efficacissime
853 3269 1003 3330 exinaniri.
1036 3271 1162 3331 maioris

143 3371 230 3412 sucus
249 3354 394 3432 excipitur
415 3360 527 3413 aestate
548 3353 621 3413 hora
642 3363 739 3430 sexta,
762 3356 900 3413 miscetur
920 3370 984 3412 cnm
1003 3353 1092 3430 vino,
1116 3355 1161 3415 sic

88 3436 254 3500 sstrnior.
284 3438 388 3520 capitis
403 3436 523 3500 dolores
539 3436 622 3499 sedat
633 3454 757 3498 rosaceo
769 3438 905 3497 admixto.
934 3454 1076 3497 verrucas
1094 3456 1163 3500 cum
