2422 3840
135 176 175 236 34
471 186 501 234 c.
517 187 612 233 sunu
628 185 778 233 saeuum

134 361 249 402 carnem
261 341 372 415 sabuci,
383 350 411 401 et
422 342 580 420 plurumum
592 339 692 400 ambae
703 338 869 414 medullam,
885 357 941 400 neo
954 338 1133 401 harundines

132 429 241 487 maiore
259 434 405 503 exparte.

92 519 142 573 184
214 509 298 588 (73.)
324 508 356 568 ln
369 508 543 586 quarundam
558 506 692 567 arborum
707 506 840 567 carnibus
856 505 962 584 pulpae
976 523 1138 589 venaeque,

132 601 207 652 sunt.
240 592 394 651 discrimen
409 609 506 651 earnm
522 590 619 651 facile.
649 608 741 650 venae
754 590 874 650 latiores
887 589 1132 669 candidioresque

133 676 239 754 pulpae
255 674 391 735 fissilibus
407 677 509 735 insunt.
530 675 596 734 ideo
609 674 639 733 lit
650 682 681 733 nt
694 692 763 734 aure
779 673 813 734 ad
830 682 918 751 caput
928 672 1020 733 trabis
1031 683 1156 752 quam-⁶

133 759 205 819 libet
225 760 403 837 praelongae
427 759 540 819 admota
560 760 635 817 ictus
656 757 691 817 ab
713 758 806 817 altero
834 757 930 835 capite
950 757 1000 816 vel
1025 757 1132 835 graphi

131 844 270 903 sentiatur
289 851 460 921 penetrante
480 842 569 901 rectis
589 840 731 901 meatibus
752 857 841 915 sono,
867 840 943 900 nnde
964 839 1130 917 depreben-

90 935 139 989 185
151 926 226 986 ditur
248 945 284 986 an
302 935 378 986 torta
398 927 436 984 sit
455 926 591 985 materies
612 924 753 1003 nodisque
777 923 904 985 concisa.
936 922 1049 996 Quibus
1063 933 1131 983 sunt

131 1009 232 1067 tubera
250 1010 324 1069 sicut
347 1010 375 1066 in
396 1026 482 1067 carne
503 1008 633 1084 glandia,
663 1009 691 1066 in
716 1008 751 1067 iis
778 1025 833 1067 nec
852 1024 927 1067 vena
947 1024 1005 1066 neo
1026 1006 1129 1085 pulpa,

131 1092 254 1168 quodam
270 1092 346 1151 callo
362 1091 456 1151 carnis
471 1091 499 1150 in
515 1110 549 1149 se
566 1091 732 1151 convoluto.
769 1091 827 1150 boc
843 1091 1085 1168 pretiosissimum
1100 1091 1163 1150 into

132 1175 204 1233 citro
222 1184 251 1233 et
266 1191 363 1234 acere.
396 1183 495 1234 cetera
509 1192 671 1234 mensarum
686 1192 796 1251 genera
812 1174 888 1234 iissis
903 1173 1058 1234 arboribus
1072 1174 1128 1235 oir-

132 1259 261 1316 cinantur
275 1257 303 1316 in
317 1258 444 1336 pulpam,
461 1257 588 1336 alioquin
602 1258 714 1334 fragilis
729 1267 809 1319 esset
822 1275 896 1317 vena
916 1257 945 1316 in
964 1256 1067 1317 orbem
1081 1275 1128 1319 ar·

130 1339 210 1400 boris
226 1359 322 1401 caesa.
354 1341 428 1417 fagis
445 1342 576 1419 pectines
592 1343 716 1401 traversi
730 1343 758 1400 in
774 1341 873 1419 pulpa.
903 1340 979 1418 apud
992 1341 1128 1418 antiquos

129 1425 196 1485 inde
212 1434 241 1484 et
256 1425 335 1484 vasis
349 1424 452 1484 bonos.
474 1423 584 1484 bianius
597 1423 700 1484 Gurins
712 1426 815 1485 iuravit
830 1442 863 1483 se
881 1442 919 1484 ex
933 1423 1042 1501 praeda
1057 1423 1128 1484 nibil

89 1515 139 1571 186
151 1509 280 1586 attigisse
302 1517 419 1586 praeter
433 1517 543 1585 guttum
562 1506 688 1585 laginum
710 1524 767 1586 quo
786 1507 973 1568 sacrificaret.
1006 1506 1128 1584 Lignum
1139 1518 1162 1558 1⁶

128 1593 157 1652 iu
173 1592 379 1670 longitudinem
395 1591 557 1652 fluctuatur.
586 1601 618 1650 ut
638 1609 713 1669 quae
735 1609 803 1668 pars
818 1591 871 1650 init
886 1590 922 1651 ab
938 1589 1039 1651 radice
1054 1590 1128 1651 vali·

130 1675 192 1736 dins
208 1677 284 1735 sidit.
315 1674 483 1754 quibusdam
497 1675 586 1753 pulpa
601 1676 664 1734 sine
678 1675 761 1734 venis
775 1690 856 1733 mero
867 1674 989 1734 stamine
1003 1683 1033 1733 et
1047 1674 1127 1733 tenui

131 1768 253 1818 constat.
289 1758 361 1818 baec
382 1775 512 1817 maxume
534 1757 644 1817 fissilia.
680 1757 736 1817 alia
756 1757 850 1834 frangi
871 1757 1016 1817 celeriora
1041 1774 1128 1835 quarn

130 1842 213 1915 lindi,
237 1840 341 1919 quibus
360 1839 448 1918 pulpa
465 1849 599 1914 nonest,
620 1849 651 1899 ut
666 1840 768 1916 oleae,
784 1841 868 1902 vites.
902 1849 930 1899 at
945 1857 962 1899 e
978 1840 1125 1901 contrario

72 1955 74 1958 >
129 1934 219 1984 totum
235 1941 252 1981 e
267 1941 354 1982 earne
369 1940 475 2000 corpus
487 1922 552 1984 lico.
580 1932 640 1983 tota
655 1941 741 1984 ossea
753 1932 797 1983 est
808 1923 879 1998 ilex,
893 1940 1011 1999 cornus,
1022 1922 1125 2000 robur,
1135 1938 1160 1979 ao

131 2007 254 2084 cytisus,
278 2023 392 2081 morus,
408 2005 554 2080 hebenus,
579 2005 656 2066 lotos
678 2017 706 2066 et
727 2024 801 2084 quae
824 2008 886 2065 sine
908 2006 1034 2067 medulla
1056 2024 1126 2067 esse

88 2112 122 2146 aaa
135 2090 266 2150 diximus.
302 2090 407 2149 ceteris
423 2090 568 2165 nigricans
584 2089 684 2166 color,
700 2091 779 2150 fulva
802 2107 908 2150 cornus
929 2091 957 2149 in
972 2089 1125 2150 venabulis

88 2182 137 2238 187
148 2173 219 2233 nitet
238 2172 371 2232 incisuris
387 2173 493 2233 nodata
516 2182 636 2250 propter
655 2173 801 2233 decorem.
839 2171 945 2233 cedrus
961 2183 991 2233 et
1005 2173 1082 2235 larix
1095 2181 1126 2232 et

128 2256 265 2335 iunipims
282 2255 393 2316 rubent.
420 2256 470 2318 39.
486 2254 571 2316 Larix
586 2256 690 2316 femina
705 2256 792 2316 babet
804 2272 887 2334 quam
901 2255 1006 2316 Graeci
1017 2265 1125 2318 vocant

127 2341 230 2418 aegida
244 2340 341 2399 mellei
358 2340 476 2400 coloris.
509 2341 654 2399 inventum
672 2340 815 2418 pictorum
837 2339 953 2400 tabellis
969 2339 1158 2400 inmortaleat

127 2424 271 2502 nullisque
292 2424 382 2482 fissile
402 2424 480 2484 rimis
502 2424 559 2483 boe
576 2423 697 2499 liguum,
718 2439 887 2499 proxumum
903 2422 1049 2483 medullae
1067 2431 1122 2483 est.

127 2508 156 2566 in
172 2506 269 2566 abiete
285 2507 388 2566 leusou
403 2505 507 2568 Graeci
521 2514 636 2565 vocant.
663 2505 742 2566 cedri
755 2523 872 2584 qnoque
883 2505 1034 2565 durissima
1046 2523 1123 2584 quae

127 2589 272 2649 medullae
289 2608 444 2668 proxuma,
466 2599 497 2649 nt
516 2589 544 2648 in
565 2606 690 2668 corpore
712 2605 796 2664 ossa,
819 2588 924 2649 deraso
938 2588 1025 2649 modo
1041 2588 1122 2649 limo.

129 2682 159 2732 et
179 2672 279 2732 sabuci
299 2673 435 2733 interiora
456 2673 527 2732 mire
547 2673 627 2732 firma
647 2672 805 2737 traduntur.
843 2671 1015 2751 quidamque
1033 2689 1122 2733 vena·

127 2755 196 2815 bula
212 2774 250 2814 ex
264 2773 299 2815 ea
313 2756 480 2833 praeierunt
494 2756 641 2831 omnibus,
666 2764 779 2815 constat
799 2756 873 2815 eninr
889 2765 1008 2816 excute
1024 2764 1055 2815 et
1073 2764 1156 2815 os·³⁰

129 2839 219 2899 sibus.

87 2932 136 2986 188
207 2921 288 3003 (74.)
319 2919 409 2981 (laedi
423 2922 624 2999 tempestivom
643 2939 717 2999 quae
731 2922 945 2982 decorticentur
963 2930 994 2981 ut
1008 2930 1121 2983 teretes

126 3005 161 3064 ad
175 3005 283 3082 templa
298 3014 454 3082 ceteraque
468 3023 537 3064 usus
552 3005 681 3081 rotundi,
698 3023 762 3064 cum
776 3006 950 3082 germinant,
966 3004 1039 3065 alias
1054 3023 1120 3066 cor·

126 3089 183 3146 tice
203 3087 398 3147 inextricabili
420 3096 450 3146 et
471 3089 549 3148 carie
565 3088 756 3149 subnascente
777 3088 805 3148 ei
827 3089 1005 3167 materiaque
1020 3088 1120 3165 nigre-

126 3179 237 3230 scente.
271 3171 348 3248 tigna
366 3179 395 3229 et
414 3169 518 3248 quibus
537 3172 631 3232 anlert
650 3172 761 3231 securis
784 3174 921 3232 corticem
937 3171 1068 3231 abruma
1084 3171 1156 3233 adas

126 3254 270 3315 favonium
285 3262 349 3328 aut,
366 3253 390 3313 si
406 3255 579 3331 praevenire
595 3271 748 3331 cogamur,
763 3257 869 3316 arcturi
884 3272 992 3315 occasu
1006 3263 1036 3314 et
1052 3263 1121 3315 ante

126 3356 190 3398 enm
206 3337 357 3410 fidiculae,
380 3337 536 3397 novissima
558 3339 669 3397 ratione
684 3338 817 3399 solstitio.
848 3338 911 3398 dies
925 3337 1051 3397 siderum
1066 3336 1120 3397 bo·

84 3419 148 3496 ¹33²?
164 3438 226 3480 rum
240 3420 397 3481 reddentur
412 3438 465 3481 suo
481 3421 559 3481 loco.
590 3420 680 3497 volgo
701 3422 769 3481 satis
790 3431 889 3501 putant
906 3421 1066 3481 observare
1082 3438 1121 3481 ne
