2422 3840
166 171 226 233 196
493 179 523 229 c.
539 179 635 227 rutro
651 177 801 226 seconor

122 349 157 400 60
218 336 300 415 (23.)
325 335 392 394 Alio
408 351 510 411 magna
530 335 591 409 vis,
612 350 732 410 maguae
751 331 889 391 utilitates
907 341 1007 393 contra
1028 351 1168 411 aquarum

165 429 195 480 et
207 420 337 480 locorum
350 419 533 477 mutationes.
563 424 717 495 serpentes
733 414 822 492 abigit
838 423 867 474 et
883 418 1055 494 scorpiones
1073 417 1168 476 odore

164 512 266 581 atque,
287 510 318 560 ut
334 500 421 578 aliqui
437 500 600 575 tradidere,
627 499 752 574 bestias,
779 506 877 557 contra
899 500 991 558 omnis
1012 501 1086 559 ictus
1106 519 1167 560 me-

165 586 247 646 detur
268 594 338 663 potu
358 583 407 643 vel
427 583 491 643 cibo
510 583 559 643 vel
581 582 678 658 inlitu,
700 582 832 661 privatim
849 591 949 642 contra
966 582 1167 644 haemorrhoi-

164 668 215 729 das
233 686 295 728 cum
311 668 377 727 vino
392 666 533 728 redditum
549 667 667 726 vomitu.
696 683 742 743 ac,
757 683 794 725 ne
807 675 907 725 contra
922 683 1092 726 araneorum
1104 686 1166 727 mu·
1186 682 1198 721 ⁵

163 754 235 813 rium
259 760 430 812 venenatum
451 768 577 810 morsum
599 750 701 810 valere
724 751 874 824 miremur,
901 750 1058 825 aconitum,
1087 752 1170 828 quod

165 837 223 897 alio
238 836 352 896 nomine
372 834 592 914 pardalianches
607 841 744 908 vocatur,
769 831 916 909 debellat,
938 834 1006 893 item
1021 832 1168 909 hyoscya-

164 938 255 998 mum,
278 937 378 980 canum
398 936 529 994 morsus,
552 920 580 977 iu
601 935 676 996 quae
691 918 812 977 volnera
826 934 889 976 curn
904 915 992 977 melle
1010 917 1170 995 inponitur.

122 1016 156 1068 51
169 1004 203 1065 ad
227 1004 405 1082 serpentium
424 1000 540 1080 quidem
563 1002 637 1060 ictus
656 1009 753 1078 potum
771 1017 835 1059 cum
849 1000 976 1059 restibus
993 1002 1052 1059 suis
1069 1001 1170 1062 elhoa·

165 1089 279 1148 cissime
300 1104 337 1145 ex
354 1085 421 1145 oleo
436 1084 580 1162 inlinitur,
604 1085 766 1162 attritisquc
781 1100 935 1160 corporum
953 1083 1100 1162 partibus,
1120 1085 1171 1145 vel
1186 1101 1207 1141 ro

166 1173 190 1230 si
205 1171 233 1229 in
248 1170 363 1229 vesicas
379 1169 570 1228 intumuerint.
599 1168 666 1246 quin
683 1176 712 1226 et
727 1165 823 1226 suffitu
837 1183 872 1226 eo
889 1168 1008 1227 evocari
1024 1169 1170 1229 secundas

167 1261 264 1332 partus
292 1252 434 1312 existimat
459 1251 668 1330 Hippocrates,
700 1251 799 1311 cinere
822 1266 921 1310 eorum
943 1267 1006 1310 cum
1029 1251 1097 1313 oleo
1123 1270 1170 1313 ca-

124 1349 157 1400 52
169 1337 236 1416 pitis
250 1335 352 1396 ulcera
364 1337 508 1397 manantia
529 1336 641 1395 sanitati
657 1336 823 1394 restituens.
855 1335 1022 1413 suspiriosis
1042 1346 1170 1412 coctum,

166 1420 253 1498 aliqui
275 1419 392 1480 crudum
414 1419 442 1479 id
464 1418 590 1496 dedere,
615 1417 736 1479 Diocles
752 1417 922 1496 hydropicis
942 1437 1004 1478 cum
1020 1421 1172 1481 centaurio

166 1513 213 1565 aut
238 1505 265 1563 in
288 1503 343 1563 lico
367 1503 476 1582 duplici
500 1502 535 1563 ad
562 1501 756 1562 evacuandam
776 1501 888 1578 alvom,
914 1502 992 1580 quod
1020 1503 1172 1564 efficacius
1185 1517 1209 1555 1⁵

166 1596 295 1667 praestat
321 1587 414 1647 viride
439 1604 502 1646 cum
524 1585 677 1646 coriandro
700 1587 728 1644 in
752 1602 833 1644 mero
857 1594 972 1663 potum,
1001 1588 1173 1665 suspiriosis

167 1672 255 1749 aliqui
272 1680 300 1730 et
313 1672 407 1730 tritum
422 1670 450 1729 in
465 1669 542 1729 lactc
560 1668 708 1730 dederunt.
736 1669 918 1746 Praxagoras
936 1679 965 1729 et
980 1679 1079 1735 contra
1094 1688 1173 1731 mor·

166 1756 233 1815 bum
248 1755 359 1830 regium
376 1754 443 1812 vino
458 1753 572 1811 miscuit
586 1761 616 1812 et
632 1761 733 1812 contra
751 1751 838 1811 ileum
854 1753 882 1811 in
898 1752 965 1812 oleo
982 1763 1011 1813 et
1023 1753 1115 1832 pulte,
1130 1756 1175 1814 sic

166 1832 290 1899 inlinens
305 1837 419 1895 strumis
437 1851 563 1912 quoque.
596 1836 703 1912 antiqui
722 1842 750 1894 et
762 1835 970 1894 insanientibus
986 1837 1091 1897 dabant
1107 1856 1173 1898 cru·

167 1913 247 1995 dum,
269 1919 389 1978 Diocles
411 1917 590 1996 phreneticis
611 1916 727 1977 elixum.
761 1926 861 1976 contra
883 1919 1001 1995 anginas
1026 1922 1123 1981 tritum
1146 1924 1174 1981 in
1184 1937 1209 1976 ao

125 2013 159 2065 53
167 2020 258 2082 posca
271 2001 457 2078 gargarizare
476 1999 606 2078 prodest.
634 2000 759 2061 dentium
778 1999 910 2060 dolorem
924 2002 1014 2062 tribus
1027 2005 1174 2082 capitibus

166 2089 195 2145 in
211 2093 296 2144 aceto
313 2084 386 2143 tritis
401 2084 546 2160 inminuit,
571 2084 621 2144 vel
636 2087 661 2144 si
675 2086 791 2145 decocti
807 2103 881 2163 aqua
898 2087 1068 2147 conluantur
1083 2089 1174 2150 adda-

167 2179 269 2246 turque
284 2169 378 2245 ipsum
393 2169 421 2227 in
438 2185 508 2229 cava
525 2167 659 2229 dentium.
687 2168 802 2229 auribus
818 2170 903 2230 etiam
916 2170 1070 2231 instillatur
1083 2190 1174 2232 sucus

169 2271 232 2313 cum
248 2253 332 2330 adipe
350 2254 496 2329 anserino,
512 2252 678 2330 phthiriasis
696 2261 724 2312 et
741 2254 904 2331 porrigines
922 2263 1029 2332 potum,
1046 2255 1116 2314 item
1133 2259 1173 2315 in·

166 2338 259 2398 fusum
276 2355 339 2397 cum
357 2346 441 2397 aceto
465 2345 493 2395 et
508 2337 583 2396 nitro
601 2338 766 2415 conpescit,
789 2336 1000 2397 destillationes
1015 2356 1078 2397 cum
1095 2340 1210 2400 lacte²⁵

169 2431 282 2484 coctum
297 2419 345 2480 vel
362 2422 456 2480 tritum
476 2421 684 2497 permixtumve
707 2437 794 2480 caseo
815 2420 914 2496 molli,
940 2438 996 2498 quo
1013 2440 1126 2498 genere
1146 2435 1176 2484 et

125 2513 160 2568 54
171 2506 340 2566 raucitatem
359 2511 495 2563 extenuat
516 2505 544 2562 in
562 2504 618 2581 pisi
641 2511 688 2562 aut
711 2501 797 2569 labae
821 2502 990 2564 sorbitione.
1032 2508 1061 2565 in
1082 2517 1176 2568 totum

169 2597 262 2648 autern
285 2595 398 2646 coctum
415 2587 510 2646 utilius
525 2595 569 2646 est
586 2586 674 2646 crudo
693 2586 857 2664 elixumque
872 2597 959 2647 tosto.
996 2590 1038 2648 sic
1059 2599 1088 2649 et
1104 2594 1176 2653 voci

169 2671 292 2731 confert.
335 2672 445 2731 taenias
463 2679 492 2730 et
512 2670 622 2748 reliqua
644 2669 775 2730 animalia
796 2671 1009 2732 interaneornm
1036 2675 1121 2752 pellit
1145 2679 1175 2737 in

169 2763 253 2814 aceto
270 2751 362 2812 mulso
387 2763 515 2829 coctum,
534 2761 664 2813 tenesmo
687 2755 715 2812 in
736 2754 815 2831 pulte
837 2754 984 2832 medetur,
1008 2766 1176 2836 temporum
1186 2771 1206 2812 ¹

169 2837 318 2898 doloribus
334 2836 460 2895 inlinitur
476 2837 599 2913 elixum,
616 2845 645 2895 et
661 2837 770 2914 pusulis
783 2847 906 2916 coctum,
924 2839 989 2900 dein
1005 2859 1067 2901 cum
1082 2847 1175 2906 melle

169 2924 280 2998 tritum,
296 2921 366 2980 tussi
383 2937 446 2979 cum
463 2919 547 2998 adipe
563 2929 677 2979 vetusto
694 2918 846 2981 decoctum
866 2923 912 2983 vel
935 2943 997 2984 curn
1014 2926 1089 2986 lecte
1112 2941 1174 3007 aut,

169 3007 192 3064 si
212 3006 329 3080 sanguis
346 3004 430 3064 etiarn
446 3012 633 3082 exscreatur,
655 3004 703 3064 vel
723 3022 807 3083 pura,
829 3005 881 3066 sub
897 3025 987 3086 pruna
1008 3020 1121 3071 coctum
1145 3023 1176 3074 et

170 3107 233 3148 cum
249 3087 342 3146 mellis
358 3088 420 3164 pari
442 3086 529 3147 modo
548 3097 706 3167 sumptum,
731 3091 896 3169 convolsis,
918 3095 1010 3172 ruptis
1028 3112 1090 3153 cum
1109 3099 1175 3158 sale

127 3183 159 3236 55
173 3180 201 3231 ct
218 3171 297 3232 oleo.
331 3188 395 3230 nam
412 3170 581 3252 cumcadipe
597 3181 725 3233 tumores
742 3184 896 3253 suspectos
915 3185 1005 3236 sanat.
1045 3180 1199 3242 extrahite

169 3254 271 3316 tistulis
291 3253 359 3313 vitia
384 3273 447 3315 cum
468 3256 585 3334 sulpure
616 3266 645 3316 et
663 3258 776 3334 resina,
806 3261 891 3318 etiam
909 3258 1082 3322 harundines
1108 3282 1176 3327 cum

170 3343 245 3418 pice.
281 3338 395 3416 lepras,
420 3338 565 3416 lichenas,
587 3340 741 3418 lentigines
766 3342 918 3404 exulcerat
943 3354 1083 3423 sanatque
1107 3366 1176 3411 cum

166 3425 305 3501 origano,
323 3423 371 3484 vel
388 3424 459 3483 cinis
476 3423 537 3483 eius
553 3441 591 3485 ex
613 3424 680 3486 oleo
696 3434 725 3486 et
739 3443 812 3502 garo
827 3425 939 3504 inlitus,
962 3427 1004 3486 sic
1025 3439 1053 3488 et
1069 3450 1176 3496 sacros
