2422 3840
289 201 368 248 nar.
386 201 476 250 urar.
492 203 591 252 xvnr.
610 191 897 269 13-16.(34-4a.)
1035 193 1094 251 117

95 355 160 419 cibo
177 365 231 414 est.
264 372 327 415 nam
342 353 448 436 bovem
463 375 548 416 unum
562 357 650 417 modii
667 358 772 434 singuli
793 359 897 418 satiant
912 358 1094 435 validumque

95 445 259 519 praestant,
282 441 396 516 quando
418 441 504 500 etiam
523 440 679 519 inpositurn
700 459 857 520 puerorum
872 441 1021 501 ventribus
1041 459 1094 519 pro

93 521 222 583 remedio
239 531 292 582 εει.
324 521 417 584 Condi
437 525 465 583 in
485 523 563 584 inmo
585 541 717 585 maxume
742 527 887 602 convenit,
912 526 1046 604 qnoniam
1067 527 1095 584 in

93 606 188 666 umido
204 608 354 668 vermiculi
376 606 541 667 umbilicum
559 609 621 667 eius
639 609 669 668 in
689 609 873 669 sterilitatem
889 618 1023 668 castrant.
1063 610 1094 668 Si

70 690 241 770 rdepastum
255 692 297 751 sit
311 693 340 750 in
354 691 475 767 fronde,
498 693 605 752 inarari
618 694 749 770 protinus
765 692 859 752 solum
874 709 948 770 opus
967 701 1020 751 est.

156 776 204 835 15.
228 774 312 854 (37.)
334 775 372 835 Ει
387 776 462 835 vicia
483 776 676 854 pinguescunt
693 793 777 851 arva,
800 794 856 834 nec
878 777 941 854 ipsa
959 776 1137 850 agricolai

91 859 127 920 lis
145 874 282 938 operosa.
315 876 371 917 uno
395 858 477 918 sulco
501 868 564 920 sata
586 876 644 918 non
669 861 791 936 saritur,
819 876 877 918 non
904 867 1093 936 stercoratur,

91 961 147 1004 nec
163 942 242 1003 aliud
256 959 339 1020 quam
355 943 524 1003 desecatur.
555 944 681 1003 Sationis
700 945 762 1003 eius
778 946 832 1003 tria
846 953 993 1022 tempora:
1018 944 1096 1004 circa

93 1045 230 1087 occasum
251 1027 372 1104 arcturi,
393 1036 425 1086 nt
446 1026 603 1088 Decembri
624 1046 725 1087 mense
748 1036 859 1107 pascat.
892 1035 950 1099 tum
977 1035 1095 1104 optume

56 1124 83 1166 ιο
94 1111 199 1172 seritur
212 1112 242 1170 in
265 1128 372 1170 semen.
403 1129 496 1190 aeque
514 1129 637 1190 namque
657 1112 714 1172 iert
738 1114 869 1191 depasta.
903 1112 1032 1171 secunda
1049 1130 1094 1171 sa·

92 1197 132 1254 tio
153 1212 251 1254 mense
271 1193 403 1256 Ianuario
426 1205 487 1271 est,
510 1197 666 1256 novissima
682 1195 801 1271 Martio,
828 1204 887 1255 tum
906 1195 941 1254 ad
962 1194 1095 1255 frondem

91 1279 251 1340 utilissima.
279 1280 445 1339 siccitatem
467 1297 505 1338 ex
530 1279 660 1339 omnibns
684 1297 758 1358 quae
784 1287 918 1338 seruntur
941 1296 1074 1338 maxume
1087 1289 1138 1343 138

92 1372 176 1422 amat.
208 1380 266 1423 non
286 1362 477 1442 adspernatur
499 1365 584 1422 etiam
603 1363 749 1422 umbrosa.
782 1381 820 1421 ex
841 1363 950 1422 semine
968 1364 1047 1438 eius,
1071 1364 1096 1421 si

92 1447 169 1505 lecta
186 1455 297 1505 matura
312 1455 372 1521 cst,
396 1445 481 1523 palea
498 1446 606 1504 ceteris
622 1444 797 1523 praefertur.
828 1443 933 1504 vitibus
956 1446 1096 1522 praeripit

57 1546 83 1587 rs
93 1547 206 1603 sucum,
227 1529 493 1605 languescuntque,
519 1531 544 1587 si
560 1528 589 1586 in
604 1528 722 1587 arbusto
738 1537 861 1587 seratur.

157 1611 241 1690 (38.)
264 1609 327 1672 Nec
353 1614 414 1671 ervi
436 1628 564 1689 operosa
585 1629 653 1671 cura
674 1620 727 1670 εει.
767 1610 825 1671 hoc
844 1608 965 1686 amplius
989 1618 1137 1687 qnamtt‘t

93 1697 169 1755 vicia
192 1705 344 1770 runcatur,
368 1704 397 1756 et
411 1696 505 1774 ipsum
524 1693 719 1753 medicaminis
735 1695 792 1753 vim
813 1695 962 1772 optinens,
987 1692 1095 1769 qnippe

95 1797 158 1839 cunr
173 1777 268 1839 divom
293 1780 453 1856 Augustum
480 1786 608 1838 curatum
627 1797 663 1839 eo
690 1778 822 1856 epistulis
837 1778 929 1855 ipsius
957 1775 1095 1845 memoria

94 1871 199 1922 exstet.
231 1863 383 1925 sufiiciunt
399 1863 519 1941 singulis
535 1862 622 1922 boum
636 1863 712 1939 iugis
727 1861 908 1940 noditqmni
923 1862 987 1919 sati.
1019 1857 1094 1919 mar-

56 1948 132 2009 actio
154 1964 254 2006 mense
281 1956 372 2008 satum
398 1949 514 2007 noxium
539 1965 606 2007 esse
631 1946 724 2005 bubus
750 1945 842 2020 aiunt,
866 1946 935 2004 item
961 1953 1094 2004 autumno

92 2031 331 2108 gravedinosum,
352 2031 497 2090 innoxium
513 2039 607 2089 autem
622 2029 684 2089 lieri
701 2029 792 2107 primo
808 2047 879 2087 vere
897 2037 999 2092 satum.

156 2113 204 2173 16.
230 2113 313 2192 (39.)
335 2113 372 2173 Ει
396 2113 506 2189 silicia,
528 2113 586 2172 boc
612 2122 657 2172 est
682 2113 778 2172 fenum
803 2111 961 2187 Graecum,
986 2113 1137 2174 scari-140

93 2196 230 2275 pbatione
255 2197 377 2271 seritur,
419 2212 476 2254 non
508 2195 612 2255 altiore
645 2205 780 2274 quattuor
813 2195 967 2273 digitorum
1000 2195 1094 2270 sulco,

94 2286 259 2357 quantoque
274 2280 358 2356 peius
374 2287 513 2338 tractatur
528 2286 606 2338 tanto
619 2281 753 2356 provenit
767 2278 879 2338 melius.
908 2295 1003 2336 rarum
1019 2277 1095 2336 dictu

58 2379 162 2424 ascsse
178 2362 284 2440 aliquid
302 2364 455 2442 cniprosit
468 2362 656 2440 negligentia.
688 2363 716 2423 id
733 2371 827 2421 autem
845 2360 922 2440 quod
944 2360 1043 2419 secale
1062 2377 1096 2419 ac

94 2446 211 2524 farrago
228 2446 407 2525 appellatur,
432 2447 531 2507 occari
544 2455 651 2506 tantum
671 2446 828 2506 desiderat.

157 2528 240 2609 (40.)
257 2532 363 2591 Secale
382 2530 497 2590 'l'anrini
514 2528 566 2589 sub
582 2529 706 2609 Alpibus
722 2532 811 2590 asiam
825 2537 942 2604 vocant,
952 2526 1072 2586 deterri·
1086 2536 1134 2590 141

94 2630 169 2671 mrum
184 2612 237 2672 sed
251 2621 358 2674 tantum
373 2614 410 2674 ad
427 2614 580 2675 arcendam
594 2613 709 2690 iamem,
723 2613 847 2675 fecunda
862 2612 914 2671 sed
928 2611 1031 2689 gracili
1047 2611 1095 2669 sti·

95 2695 179 2774 pula,
200 2694 316 2772 nigritia
330 2697 430 2773 triste,
453 2698 584 2775 pondere
603 2700 800 2779 praecipuum.
831 2697 1014 2756 admiscetur
1029 2694 1096 2753 hnic

60 2799 85 2841 so
95 2778 140 2838 far
154 2786 185 2837 ut
200 2778 311 2856 mitiget
326 2781 540 2842 amaritudinem
555 2782 633 2859 eins,
658 2793 687 2842 ει
702 2793 796 2843 tamen
812 2781 854 2839 sic
867 2796 985 2858 quoque
1001 2778 1095 2853 ingra-

95 2863 233 2921 tissimum
255 2864 353 2922 ventri
372 2873 426 2924 est.
458 2863 593 2926 Nascitur
615 2866 815 2943 qualicumque
835 2862 900 2922 solo
919 2880 982 2921 cnm
999 2868 1094 2919 cente·

95 2946 167 3005 simo
184 2961 293 3023 granc,
314 2948 466 3025 ipsumque
483 2965 536 3027 pro
554 2949 707 3009 laetamine
723 2956 778 3007 est.

158 3030 244 3108 (41.)
266 3028 395 3106 Farrago
412 3049 450 3090 ex
471 3033 659 3091 recrementis
678 3032 762 3091 farris
780 3029 943 3107 praedensa
960 3029 1137 3103 seritur,142

95 3113 218 3174 admixta
234 3113 387 3191 aliquando
404 3123 433 3173 ει
449 3114 535 3173 vicia.
573 3114 675 3174 eadem
695 3117 723 3173 in
738 3113 838 3173 Africa
863 3113 894 3171 iit
912 3130 949 3171 ex
972 3111 1094 3172 bordeo.

59 3219 85 3260 aa
95 3195 195 3257 Omnia
211 3198 285 3257 baec
300 3197 465 3277 pabularia,
489 3197 729 3274 degeneransque
753 3216 790 3256 ex
811 3195 1002 3273 leguminibus
1020 3213 1095 3273 quae

94 3291 214 3340 vocatur
230 3297 333 3342 cracca
348 3283 497 3341 intantum
512 3281 653 3340 columbis
669 3289 751 3357 grata
767 3288 797 3340 ut
816 3288 915 3358 pastas
934 3296 969 3338 ea
985 3286 1096 3354 negent

95 3362 229 3438 iugitiras
244 3365 321 3425 illius
336 3365 395 3425 loci
411 3364 485 3424 lieri.

156 3445 239 3526 (42.)
266 3448 352 3527 Apud
377 3448 511 3524 antiquos
541 3454 603 3506 erat
631 3445 729 3525 pabuli
753 3463 868 3522 genus,
895 3443 978 3520 qnod
998 3440 1149 3498 Quom&

220 3541 229 3551 a
