2422 3840
132 182 191 244 108
283 176 286 181 ’
483 191 514 240 o.
529 193 626 241 runo
642 191 792 242 securum

128 349 235 411 babent
248 349 302 409 lar.
332 355 377 406 est
393 356 421 406 et
436 346 511 407 haec
525 345 626 407 ltaliae
642 347 671 405 in
686 344 841 425 Campania
855 365 1004 423 maxume,
1020 366 1134 409 semen-

88 452 185 512 rnque
200 431 374 512 appellatur.
408 430 465 490 boc
481 430 569 490 habet
582 447 687 490 nomen
701 448 750 490 res
762 432 930 509 praeclara,
953 441 983 492 ut
998 449 1067 492 mox
1082 432 1134 493 do·

129 518 268 598 oebimus,
282 525 403 594 propter
420 533 504 593 quam
514 515 657 574 Homerus
668 511 822 594 ζείδωρος
835 504 965 597 ἄρουρα
977 516 1058 592 dixit,
1076 533 1135 577 uon

128 611 159 662 ut
172 602 259 680 aliqui
276 599 458 675 arbitrantur,
476 600 610 676 quoniam
621 601 708 658 vitam
720 598 850 658 donaret.
879 601 1004 675 amylum
1015 617 1135 679 quoque

85 698 166 754 esox
181 704 215 745 ea
232 686 263 745 lit
277 685 376 764 priore
394 684 529 743 crassius.
559 683 634 743 baec
650 683 713 742 sola
729 681 890 744 differentia
910 694 964 746 est.
995 683 1042 743 Ex
1058 684 1159 744 omnis

128 788 239 849 genere
254 769 433 830 durissimum
447 768 492 828 lar
507 777 536 828 et
552 777 651 827 contra
668 766 780 826 hiemes
795 767 996 828 firmissimum
1028 769 1136 846 patitur

127 855 330 932 frigidissimos
345 852 428 912 locos
445 861 474 911 et
487 851 578 911 minus
594 851 732 911 subactos
747 850 797 910 vel
818 860 974 912 aestuosos
997 853 1135 911 sitientis·

128 957 194 1018 que.
222 939 329 1016 primus
344 935 467 1014 antiquis
482 935 564 995 Latio
580 935 677 1010 cibus,
693 951 798 1010 magno
822 945 991 1012 argumento
1014 937 1043 994 in
1063 935 1134 995 ado·

96 1044 119 1078 14
129 1040 198 1082 reae
215 1022 308 1096 donis,
324 1020 409 1079 sicuti
425 1018 555 1077 diximus.
593 1018 673 1097 pulte
694 1027 805 1093 autem,
832 1037 890 1080 non
910 1038 1001 1099 pane,
1022 1019 1135 1078 vixisse

127 1106 216 1182 longo
230 1113 363 1182 tempore
381 1101 528 1162 Romanos
542 1102 733 1177 manifestum,
749 1103 883 1180 quoniam
898 1113 927 1163 et
944 1103 1135 1183 pulmentaria
1144 1119 1170 1161 ao

85 1189 272 1266 84bodieque
287 1187 427 1246 dicuntur.
466 1195 495 1245 et
509 1185 617 1245 Ennius
639 1186 852 1263 antiquissimus
875 1197 958 1247 vates
974 1187 1136 1247 obsidionis

126 1273 230 1333 lamem
254 1273 420 1349 exprimens
443 1269 529 1346 oliam
551 1272 694 1348 eripuisse
712 1269 892 1348 plorantibus
913 1271 1014 1332 liberis
1033 1278 1135 1348 patres

128 1364 333 1416 conmemorat.
367 1363 397 1415 et
412 1354 499 1414 hodie
516 1372 600 1414 sacra
615 1355 712 1433 prisca
728 1362 816 1432 atque
830 1355 965 1415 natalium
986 1355 1067 1433 pulte
1084 1353 1134 1413 iri·

127 1441 188 1501 tilla
204 1439 403 1515 coniiciuntur,
417 1439 590 1516 videturque
606 1448 662 1498 tam
677 1437 742 1516 puls
764 1440 863 1515 ignota
880 1437 1021 1523 Graeciae
1042 1437 1134 1498 fuisse

126 1542 210 1603 quam
226 1523 326 1584 ltaliae
341 1523 469 1602 polenta.
1144 1535 1170 1577 ro

83 1615 117 1668 85
188 1609 270 1687 (20.)
293 1609 333 1688 [1]
351 1606 452 1667 'l'ritici
467 1607 576 1666 semine
592 1606 703 1666 avidius
719 1605 826 1665 nullum
846 1615 961 1666 estnec
977 1606 1054 1684 quod
1067 1605 1134 1684 plus

127 1692 254 1752 alimenti
284 1691 386 1751 trahat.
437 1691 582 1766 siliginem
602 1691 721 1769 proprie
744 1689 865 1749 dixerim
888 1691 976 1750 tritici
1001 1689 1132 1749 delicias.

128 1776 235 1835 candor
251 1783 296 1834 est
312 1783 342 1832 et
358 1775 421 1833 sine
443 1775 565 1850 virtute,
589 1774 651 1832 sine
675 1773 823 1851 pondere,
839 1775 1015 1833 conveniens
1031 1773 1135 1832 umidis

126 1858 282 1935 tractibus,
311 1856 413 1933 quales
438 1855 540 1916 ltaliae
567 1864 682 1914 suntet
704 1854 813 1916 Galliae
837 1855 986 1917 Comatae.
1008 1856 1078 1916 -sed
1105 1863 1134 1915 et

126 1951 204 2001 trans
220 1940 304 2017 Alpis
320 1942 348 1999 in
362 1939 556 2015 Allobrogum
576 1948 682 1998 tantum
703 1938 949 2019 Meminorumque
971 1957 1043 2018 agro
1066 1953 1170 2018 per-ao

126 2025 215 2097 tinax,
231 2025 260 2082 in
277 2025 384 2082 ceteris
397 2023 436 2082 ibi
450 2022 581 2101 partibus
596 2022 712 2082 biennio
724 2025 753 2082 in
764 2025 886 2083 triticum
898 2024 1007 2085 transit.
1039 2041 1133 2083 reme·

84 2114 118 2169 86
128 2107 203 2167 dium
217 2117 248 2166 ut
262 2108 433 2184 gravissima
447 2124 581 2184 quaeque
596 2124 686 2184 mana
703 2110 764 2166 eius
780 2117 920 2167 serantur.
964 2109 995 2169 9.
1027 2105 1052 2166 Ε
1074 2106 1133 2165 sili·

125 2193 193 2268 gine
224 2192 398 2252 lautissimus
426 2192 508 2270 panis
538 2191 777 2269 pistrinarumque
808 2208 900 2269 opera
927 2189 1131 2252 laudatissima.

125 2277 278 2353 praecellit
291 2277 321 2335 in
335 2275 434 2352 Italia,
456 2276 480 2335 si
498 2271 643 2352 Campana
658 2274 730 2335 Pisis
747 2283 833 2334 natae
847 2276 1011 2334 misceatur.
1042 2273 1133 2333 rulior

126 2360 192 2437 illa,
215 2370 244 2421 at
266 2361 368 2420 Pisana
390 2358 538 2420 candidior
563 2357 817 2436 ponderosiorque
845 2366 990 2418 cretacea.
1026 2358 1170 2416 iustumas

127 2453 172 2503 est
192 2463 208 2503 e
228 2461 319 2520 grano
337 2440 500 2522 Campanae
517 2459 601 2519 quam
617 2451 725 2501 vocant
740 2450 908 2520 castratam,
924 2460 941 2501 e
955 2439 1050 2500 modio
1065 2439 1133 2499 red·

127 2529 171 2585 ire
192 2529 336 2587 sextarios
356 2534 491 2604 quattuor
511 2525 634 2602 siliginis
650 2525 698 2584 vel
720 2525 868 2602 egregali
889 2527 952 2584 sine
973 2532 1134 2585 castratura

86 2614 120 2670 st
129 2610 273 2668 sextarios
284 2612 423 2688 quinque,
438 2617 597 2688 'praeterea
606 2608 687 2668 doris
700 2610 869 2685 semodium,
883 2617 913 2668 et
926 2608 1037 2687 cibarii,
1055 2607 1134 2686 quod

126 2692 325 2752 secundarium
341 2702 458 2769 vocant,
474 2694 619 2753 sextarios
633 2701 778 2771 quattuor,
793 2693 1067 2753 lurirrrissextarios
1077 2699 1133 2751 tot·

126 2775 216 2851 idem,
238 2793 255 2834 e
272 2775 374 2835 Pisana
389 2785 485 2837 autem
501 2775 625 2851 siliginis
642 2777 788 2837 sextarios
803 2778 946 2855 quinque,
968 2784 1069 2836 cetera
1083 2789 1169 2853 pa=so

125 2861 167 2919 ria
190 2867 262 2917 sunt.
305 2856 421 2918 Clusina
446 2858 639 2936 Arretinaque
660 2861 812 2920 etiamnum
839 2861 984 2920 sextarios
1010 2859 1133 2935 siliginis

125 2942 266 3018 adiciunt,
284 2943 312 3000 in
328 2942 448 3021 reliquis
471 2959 569 3020 pares.
607 2943 724 3001 sivero
745 2944 885 3022 pollinem
908 2943 1010 3003 iacere
1031 2943 1133 3017 libeat,

124 3037 185 3084 xvi
201 3025 298 3102 pondo
316 3027 398 3103 panis
410 3025 533 3086 redeunt
545 3033 574 3085 et
587 3025 686 3086 cibarii
698 3027 752 3086 tria
763 3027 961 3105 luriurumque
974 3026 1133 3086 semodius.

125 3108 220 3167 molae
237 3109 401 3169 discrimine
419 3109 476 3168 hoo
493 3117 615 3169 constat.
643 3127 707 3169 nam
722 3128 798 3189 quae
814 3113 893 3171 sicca
906 3111 1052 3170 moluntur
1066 3109 1135 3188 plus

125 3192 235 3252 farinae
255 3192 394 3269 reddunt,
411 3210 487 3273 quae
504 3193 582 3253 salsa
598 3211 672 3272 aqua
688 3212 791 3273 sparsa
807 3194 1002 3256 candidiorem
1021 3192 1132 3253 medul·
1143 3207 1171 3250 aa

82 3278 198 3352 asian,
216 3294 317 3336 verum
332 3278 398 3356 plus
416 3278 541 3337 retinent
554 3278 583 3336 in
599 3277 721 3337 furfure.
748 3278 880 3339 Farinam
896 3296 912 3339 a
928 3278 1007 3337 larre
1028 3277 1134 3336 dictam

123 3362 238 3420 nomine
253 3361 318 3439 ipso
333 3361 463 3440 adparet.
495 3362 648 3439 siligineae
663 3360 774 3422 farinae
788 3361 899 3421 modius
912 3360 1041 3422 Gallicae
1056 3373 1134 3420 xxn

121 3444 212 3504 libras
223 3446 305 3524 panis
320 3444 434 3524 reddit,
452 3443 571 3506 Italicae
588 3444 698 3505 duabus
712 3445 842 3505 tribusve
863 3444 985 3523 amplius
1005 3445 1035 3502 in
1056 3452 1133 3504 arto-
