2422 3840
288 210 369 256 nar.
385 209 477 258 assu.
493 208 593 256 xum.
610 205 731 260 ac-aa.
750 196 903 274 (oc-oa.)
1038 200 1095 259 141

92 365 265 424 mentionem
283 380 336 422 suo
352 363 421 423 loco
439 363 572 422 lecimus.
601 363 666 441 ipse
685 364 811 423 circulus
836 365 928 423 lertur
941 383 995 442 per
1017 366 1141 440 sagit-2⁸0

92 449 194 507 tarium
219 456 305 525 atque
329 449 477 524 geminos,
498 445 570 506 solis
594 455 695 505 centro
713 446 758 505 bis
783 448 1027 525 aequinoctialem
1043 449 1097 506 cir·

92 531 187 591 culum
203 548 308 590 secans
324 533 530 591 commissuras
549 546 648 589 eorum
664 532 812 607 optinente
827 530 893 590 binc
908 531 1004 610 aquila
1019 529 1099 591 illinc

92 614 233 674 canicula.
264 615 331 675 ideo
348 615 472 674 effectus
495 615 645 690 utriusque
661 612 697 671 ad
714 614 805 672 omnis
823 614 980 690 lrugileras
995 617 1142 693 perti-282

68 706 159 756 snent
174 708 277 774 terras,
297 699 431 776 quoniam
445 699 475 756 in
489 696 533 756 bis
552 705 660 755 tantum
675 696 749 755 locis
766 696 837 755 solis
853 705 1008 776 terraeque
1027 717 1094 758 cen·

89 791 134 841 tra
156 791 327 859 congruunt.
359 781 446 858 igitur
469 781 571 840 horum
593 779 718 839 siderum
739 779 842 838 diebus
862 781 886 839 si
909 799 997 859 purus
1013 793 1099 859 atque

89 866 165 926 mitis
179 883 231 926 aer
241 863 397 942 genitalem
412 863 491 923 illum
510 864 701 941 lacteumque
715 880 815 922 sucum
826 865 982 924 transmisit
997 867 1024 924 in
1042 874 1099 924 ter-

91 967 149 1025 ras,
173 950 249 1008 laete
266 948 436 1008 adulescunt
462 956 533 1007 sata.
567 949 592 1006 si
617 947 684 1007 luna
708 964 764 1026 qna
786 948 891 1008 dictum
920 958 965 1008 est
985 949 1098 1009 ratione
1108 966 1142 1001 su

92 1033 239 1092 roscidum
265 1032 356 1109 frigus
381 1031 544 1109 adspersit,
568 1031 693 1091 admixta
720 1032 880 1093 amaritudo
910 1042 940 1092 ut
963 1035 990 1092 in
1023 1033 1099 1092 lacte

56 1135 81 1176 ao
92 1118 277 1197 puerperium
292 1124 387 1176 necat.
418 1116 522 1175 modus
537 1116 566 1174 in
586 1117 672 1174 terris
689 1116 773 1176 buius
794 1117 914 1177 iniuriae
931 1135 1015 1195 quem
1037 1117 1143 1182 ielssd

92 1202 130 1260 cit
145 1201 173 1259 in
189 1217 371 1279 quacumque
389 1200 576 1260 convexitate
595 1201 748 1260 comitatus
765 1202 914 1280 utriusque
931 1219 1048 1274 causae,
1071 1209 1100 1259 et

90 1284 157 1344 ideo
173 1301 231 1343 non
244 1285 356 1362 pariter
376 1284 406 1341 in
424 1292 486 1343 toto
503 1283 575 1342 orbe
592 1285 727 1357 sentitur,
751 1292 781 1343 ut
798 1301 853 1342 nec
872 1285 944 1344 dies.
975 1285 1100 1363 aquilam

90 1368 212 1427 diximus
234 1369 262 1426 in
284 1367 367 1427 ltalia
390 1368 499 1426 exoriri
521 1384 547 1426 a.
570 1367 597 1426 d.
624 1380 699 1426 xm.
718 1366 779 1427 lral.
795 1367 959 1443 lanuarias,
989 1386 1045 1427 neo
1063 1385 1142 1430 raros

92 1454 198 1530 patitur
215 1453 290 1511 ratio
308 1459 427 1511 naturae
450 1450 605 1528 quicquam
627 1452 655 1507 in
678 1450 748 1509 satis
767 1459 833 1509 ante
855 1468 921 1512 enm
942 1452 1017 1511 diem
1035 1452 1100 1529 spei

56 1549 83 1590 1u
93 1553 161 1595 esse
188 1543 298 1594 certae.
333 1535 358 1593 si
383 1550 455 1593 vero
481 1533 664 1593 interlunium
690 1533 814 1607 incidat,
845 1536 936 1593 omnis
961 1533 1099 1593 hibernos

91 1619 203 1677 fructus
215 1627 245 1677 et
261 1619 415 1696 praeconis
431 1616 508 1677 laedi
522 1633 647 1676 necesse
663 1623 717 1674 est.
742 1616 783 1695 [3]
797 1615 887 1675 Rudis
900 1617 952 1676 luit
968 1619 1079 1695 prisco·
1090 1626 1143 1681 284

92 1720 154 1761 rum
178 1703 236 1761 vita
262 1710 349 1780 atque
375 1703 438 1760 sine
461 1700 575 1760 litteris.
608 1716 666 1758 non
687 1699 780 1759 minus
801 1709 897 1760 tamen
919 1701 1099 1778 ingeniosam

92 1786 183 1845 fuisse
202 1785 302 1846 inillis
319 1785 553 1845 observationem
568 1782 722 1862 adparebit
740 1800 825 1862 quam
840 1802 915 1843 nunc
931 1803 999 1846 esse
1013 1787 1098 1844 ratio·

91 1888 167 1929 nem.
210 1872 264 1930 tria
290 1887 414 1948 namque
440 1878 572 1946 tempora
598 1866 740 1927 fructibus
768 1868 950 1945 metuebant,
978 1878 1100 1947 propter

57 1974 83 2015 ac
94 1954 171 2032 quod
186 1955 368 2014 instituerunt
386 1954 475 2012 ferias
491 1953 614 2029 diesque
630 1951 742 2027 festos,
766 1951 936 2029 Robigalia,
959 1952 1099 2027 Floralia,

91 2036 214 2098 Vinalia.
245 2036 400 2114 Robigalia
412 2033 503 2094 Numa
515 2037 663 2095 constitnit
679 2054 753 2095 anno
770 2039 853 2114 regni
868 2038 913 2097 sui
927 2050 987 2113 xc,
1008 2045 1141 2115 quac285

92 2139 167 2180 nunc
182 2130 304 2197 aguntur
322 2137 348 2179 a.
366 2120 393 2178 d.
410 2131 470 2177 vn.
486 2118 545 2177 lral.
562 2117 629 2178 blai.
663 2120 796 2197 qnoniam
812 2129 881 2179 tunc
895 2120 959 2180 lere
978 2129 1098 2196 segetes

91 2203 198 2281 robigo
212 2212 346 2282 occupat.
371 2201 429 2260 hoc
441 2209 554 2278 tempus
566 2200 661 2261 Varro
678 2202 849 2262 determinat
866 2203 931 2262 sole
946 2206 1019 2262 tauri
1034 2221 1099 2282 par·

94 2297 152 2347 tem
167 2287 317 2348 decumam
338 2286 507 2363 optinente,
527 2286 601 2344 sicut
623 2293 692 2343 tunc
713 2284 828 2344 ferebat
842 2287 926 2344 ratio.
963 2285 1016 2345 sed
1030 2304 1100 2345 vera

58 2389 85 2431 cu
96 2386 182 2430 causa
199 2381 244 2430 est
259 2371 338 2450 quod
351 2379 419 2450 post
435 2369 497 2429 dies
510 2369 688 2445 undeviginti
700 2367 736 2428 ab
749 2369 934 2446 aequinoctio
945 2386 1036 2428 verno
1047 2386 1101 2445 per

92 2455 120 2514 id
137 2455 317 2532 quatriduum
334 2457 416 2515 varia
432 2455 559 2530 gentium
578 2451 786 2512 observatione
810 2453 838 2510 in
854 2466 918 2511 1111.
936 2451 995 2511 kal.
1010 2450 1101 2511 Maias

93 2540 173 2598 cauis
193 2540 315 2614 occidit,
343 2538 422 2597 sidus
439 2547 468 2597 et
484 2554 585 2615 perse
601 2535 761 2595 vehemens
779 2544 809 2595 et
826 2537 871 2595 cui
888 2535 1101 2613 praeoccidere

94 2621 253 2681 caniculam
269 2639 395 2681 necesse
412 2623 458 2681 sit.
492 2622 590 2698 itaque
605 2620 692 2679 iidem
710 2618 838 2679 Floralia
860 2630 924 2680 1111.
940 2617 1081 2679 kalendas
1092 2627 1144 2682 286

94 2702 211 2763 easdem
229 2706 412 2765 instituerunt
425 2705 505 2764 urbis
521 2721 595 2763 anno
610 2717 707 2762 bxvl.
722 2722 760 2763 cx
775 2703 901 2763 oraculis
916 2704 1058 2779 Sibyllae,
1072 2712 1103 2763 ut

59 2814 86 2855 m
97 2790 191 2848 omnia
218 2789 294 2848 bene
323 2788 565 2849 deflorescerent.
609 2786 685 2846 bunc
712 2787 786 2848 diem
807 2787 902 2849 Varro
930 2787 1103 2848 determinat

94 2872 159 2934 sole
175 2874 248 2933 tauri
265 2882 375 2951 partem
390 2886 480 2938 xum.
495 2873 655 2952 optinente.
674 2890 746 2950 ergo
761 2874 785 2932 si
802 2875 831 2933 in
846 2873 903 2932 hoc
918 2871 1101 2950 quatriduum

92 2957 225 3017 inciderit
240 2957 443 3036 plenilunium,
470 2957 572 3033 fruges
591 2965 622 3016 et
644 2957 737 3016 omnia
757 2975 832 3035 quae
856 2955 1001 3016 florebunt
1025 2953 1102 3013 laedi

92 3060 219 3101 necesse
236 3043 300 3101 erit.
323 3039 437 3100 Vinalia
454 3042 563 3119 priora,
583 3059 659 3119 quae
679 3049 745 3100 ante
761 3040 815 3099 bos
831 3040 894 3100 dies
910 3048 975 3098 suut
991 3050 1078 3099 v1111.
1091 3045 1143 3102 287

93 3126 152 3185 lral.
169 3124 235 3185 lilai.
261 3125 448 3202 degustandis
464 3125 539 3183 vinis
554 3125 692 3198 instituta,
708 3123 778 3183 nihil
792 3123 828 3184 ad
842 3123 955 3182 fructus
971 3124 1101 3197 attinent,

57 3218 148 3270 tinec
164 3229 240 3289 quae
265 3209 359 3270 adhuc
376 3208 498 3267 diximus
518 3208 554 3268 ad
567 3209 637 3266 -vitis
660 3207 819 3285 oleasque,
850 3208 983 3286 quoniam
1004 3224 1103 3266 earum

94 3304 255 3374 conceptus
277 3302 382 3353 exortu
406 3292 593 3369 vergiliarum
615 3292 716 3369 incipit
736 3309 762 3351 a.
779 3292 807 3351 d.
825 3304 869 3351 v1.
887 3291 951 3351 idus
966 3289 1045 3364 mat,
1070 3296 1102 3347 ut

93 3377 251 3438 docuimus.
285 3377 361 3438 aliud
375 3376 433 3437 boc
448 3375 627 3454 quatriduum
642 3384 702 3450 est,
729 3375 808 3453 quod
830 3393 926 3453 neque
945 3392 1013 3435 rore
1034 3388 1140 3433 sor-2⁴⁸

92 3457 153 3519 bile
169 3462 267 3538 velim,
285 3495 328 3506 —·
349 3462 443 3521 exurit
465 3460 540 3519 eninr
565 3457 703 3536 frigidum
721 3458 806 3519 sidus
829 3459 948 3517 arcturi
967 3454 1125 3528 qosmxxxe
