2422 3840
336 193 627 241 nur.u1sr.xv11.
648 182 934 263 11-1a.(1o-19.)
1049 256 1052 262 Ι
1087 181 1124 242 61

134 356 285 425 exemptas
313 347 468 424 adpareat,
498 363 555 406 non
579 347 712 421 evolsas,
745 349 808 424 quis
831 343 961 408 dubitet?
1002 365 1057 426 qua
1083 365 1127 406 ra·

133 433 211 490 tione
229 438 258 489 et
274 431 385 510 reliqua
401 430 538 490 conlessa
554 430 717 503 omittimus,
734 432 818 489 sicuti
835 438 940 489 terram
957 432 1035 491 circa
1051 430 1127 489 radi-

133 532 184 573 ces
203 514 347 573 festucato
362 515 558 591 opimandam,
581 513 658 591 quod
673 511 746 571 Cato
763 514 881 590 primum
901 515 929 571 iu
945 532 980 574 ea
1004 532 1035 573 re
1058 531 1126 573 esse

133 605 252 672 censet,
275 597 390 674 plagam
406 615 522 675 quoque
542 614 558 656 a
575 604 675 655 trunco
694 595 785 655 oblini
800 596 866 655 limo
885 605 914 656 et
928 596 1005 656 ioliis
1022 597 1126 675 praeli-

110 682 196 756 agari
212 681 405 757 praecipiens.

199 765 246 824 12.
270 764 354 842 (17.)
384 761 474 822 lluius
493 763 551 822 loci
574 781 641 841 pars
665 761 765 821 estad
786 762 938 821 intervalla
960 764 1122 840 pertinens:
1135 771 1170 826 88

133 848 246 926 quidam
262 847 381 924 punicas
398 853 427 904 et
441 855 551 920 myrtos
566 855 596 905 et
612 846 710 906 lauros
725 845 878 905 densiores
895 847 954 904 seri
973 848 1126 920 iusserunt,

132 932 161 989 in
179 929 303 1008 pedibus
318 938 412 988 tamen
427 931 567 1005 novenis,
589 929 682 989 malos
702 929 824 1006 amplius
844 928 948 1005 paulo,
971 929 1019 988 vel
1036 929 1127 1003 magis

134 1016 218 1072 etiam
248 1013 327 1089 piros
355 1014 505 1092 magisque
535 1013 702 1090 amygdalas
730 1022 759 1072 et
786 1011 877 1087 iicos,
909 1014 986 1090 quod
1011 1021 1127 1090 optume

97 1113 124 1154 uo
134 1095 300 1156 diiudicabit
320 1112 463 1156 ramorum
490 1097 683 1175 amplitudinis
706 1098 779 1157 ratio
801 1096 990 1174 locorumque
1015 1104 1043 1154 et
1068 1113 1127 1154 um·

132 1180 202 1239 brae
219 1179 357 1259 cuiusque
375 1179 506 1256 arboris,
525 1182 658 1259 quoniam
674 1179 725 1239 has
741 1197 857 1259 quoque
874 1180 1025 1239 observari
1041 1196 1127 1257 opor·

132 1272 183 1328 tet.
213 1263 320 1323 breves
338 1272 403 1322 sunt
418 1265 548 1344 quamvis
562 1281 728 1341 magnarum
744 1263 877 1323 arborum
893 1282 968 1342 quae
984 1265 1012 1323 iu
1027 1263 1127 1322 orbem

132 1364 227 1406 ramos
244 1348 400 1429 circineut,
414 1357 444 1406 ut
456 1349 485 1406 in
499 1348 581 1407 malis
595 1349 735 1426 pirisque.
758 1347 879 1406 eaedem
895 1364 1029 1407 enormes
1046 1359 1127 1405 cera·

133 1433 183 1504 sis,
202 1430 300 1489 lauris.

98 1528 124 1569 us
196 1512 280 1590 (18.)
308 1511 367 1570 lam
388 1513 528 1588 quaedam
549 1511 711 1571 umbrarum
733 1513 915 1590 proprietas:
951 1510 1123 1590 iuglandium
1135 1520 1169 1574 89

132 1596 231 1671 gravis
251 1602 280 1653 et
292 1596 390 1670 noxia,
407 1596 491 1654 etiam
506 1596 592 1673 capiti
611 1594 733 1654 humano
751 1594 939 1674 omnibusque
953 1597 1030 1655 iuxta
1046 1595 1125 1653 satis.

132 1687 219 1736 necat
236 1679 364 1755 gramina
381 1687 409 1737 et
424 1680 518 1756 pinus,
539 1679 591 1738 sed
606 1680 700 1737 ventis
715 1687 837 1756 utraque
853 1680 973 1754 resistit,
995 1679 1128 1757 quoniam

133 1769 163 1820 et
178 1771 310 1838 protecta
331 1764 478 1822 vinearum
498 1763 609 1822 ratione
631 1770 729 1838 egent.
758 1762 904 1822 stillicidia
921 1764 1019 1840 pinus,
1042 1779 1126 1840 quer·

133 1862 195 1920 cus,
211 1845 285 1905 ilicis
302 1846 558 1923 ponderosissima,
575 1845 682 1906 nullum
696 1847 838 1924 cupressi,
852 1847 950 1905 umbra
964 1848 1085 1906 minuma
1098 1853 1128 1902 et

96 1947 124 1988 ao
134 1929 162 1987 in
175 1947 207 1987 se
222 1929 386 1989 convoluta.
415 1929 535 1990 licorum
547 1930 631 2005 levis,
645 1931 775 2010 quamvis
787 1947 898 2009 sparsa,
912 1931 1038 2007 ideoque
1053 1930 1128 1988 inter

132 2014 232 2072 vineas
253 2015 312 2072 seri
333 2030 390 2072 uon
416 2023 559 2073 vetantur.
599 2014 738 2073 ulmorum
759 2014 850 2089 lenis,
876 2015 961 2074 etiam
983 2014 1122 2086 nutriens,
1135 2020 1170 2074 90

134 2113 313 2175 quacumque
333 2105 446 2173 opacat.
477 2096 575 2156 Attico
595 2096 669 2156 baec
688 2115 806 2176 quoque
827 2097 939 2156 videtur
956 2116 972 2156 e
989 2096 1125 2174 gravissi-

133 2180 202 2253 mis,
221 2196 276 2237 nec
291 2178 407 2254 dubito,
426 2180 450 2236 si
466 2179 628 2238 emittantur
641 2180 669 2237 in
681 2196 786 2239 ramos.
823 2181 996 2240 constrictae
1011 2180 1127 2257 quidem

134 2262 210 2321 illius
228 2262 342 2321 noxiam
360 2279 427 2320 esse
448 2274 506 2320 non
524 2262 658 2321 arbitror.
688 2262 809 2322 iucunda
832 2273 861 2322 et
881 2263 1003 2340 platani,
1031 2280 1126 2339 quam-

97 2362 219 2424 acquam
240 2363 348 2405 crassa.
390 2346 460 2405 licet
480 2346 600 2422 gramini
624 2345 763 2421 credere,
793 2363 850 2404 non
877 2345 949 2421 soli,
979 2345 1047 2404 baut
1071 2345 1127 2403 alia

133 2429 237 2488 laetius
254 2431 406 2506 operiente
421 2438 512 2490 toros.
543 2429 653 2508 populo
670 2428 746 2488 nulla
767 2428 929 2488 ludentibus
946 2428 1042 2504 ioliis,
1065 2429 1125 2505 pin-

132 2513 198 2588 guis
212 2512 289 2589 alno,
309 2513 361 2573 sed
378 2531 503 2590 pascens
519 2521 590 2572 sata.
621 2513 687 2571 vitis
710 2512 764 2570 sibi
785 2513 906 2587 sufficit,
929 2511 1029 2571 mobili
1051 2511 1122 2571 lolio
1134 2519 1167 2573 91

133 2597 298 2675 iactatuque
314 2597 420 2656 crebro
436 2597 528 2656 solem
542 2595 643 2656 umbra
657 2605 832 2673 temperans,
847 2596 950 2655 eodem
963 2596 1045 2674 gravi
1060 2613 1125 2674 pro·

133 2687 239 2754 tegens
259 2680 287 2736 in
310 2679 412 2739 imbre.
455 2681 576 2740 omnium
602 2679 666 2738 iere
685 2679 758 2738 levis
782 2680 881 2739 umbra
906 2697 1025 2758 quorum
1047 2679 1125 2758 pedi-

97 2761 191 2825 aoculi
207 2760 296 2837 longi.
327 2779 384 2822 non
399 2763 570 2823 fastidienda
585 2763 659 2823 baec
678 2779 793 2840 quoque
808 2764 939 2839 scientia,
961 2772 1047 2841 atque
1069 2780 1126 2820 non

118 2847 162 2919 ,iu
175 2844 281 2903 ultimis
298 2846 446 2925 ponenda,
468 2847 582 2925 quando
596 2849 666 2906 satis
682 2847 842 2924 quibusque
856 2847 953 2906 umbra
970 2857 1018 2906 aot
1032 2847 1126 2905 nutrix

133 2937 181 2987 aut
195 2946 323 2989 noverca
339 2939 392 2988 est.
421 2931 594 3007 iuglandium
607 2930 720 3009 quidem
735 2931 922 3009 pinorumque
936 2938 965 2990 et
980 2931 1125 3007 picearum

134 3021 163 3072 et
181 3012 283 3072 abietis
303 3030 501 3092 quaecumque
518 3015 639 3090 attigere
655 3031 712 3072 uon
728 3013 812 3073 dubie
828 3031 968 3073 venenum
987 3023 1040 3072 est.

195 3095 279 3174 (19.)
302 3096 436 3155 Stillicidi
448 3096 545 3156 brevis
557 3096 683 3157 delinitio
696 3105 751 3156 est.
774 3099 895 3156 omnium
908 3115 982 3176 quae
995 3097 1125 3174 proiectu
1134 3104 1168 3158 92

97 3195 124 3237 aa
133 3178 244 3238 frondis
255 3181 294 3239 ita
305 3179 496 3240 deienduntur
507 3189 537 3239 ut
551 3197 604 3257 per
615 3181 692 3258 ipsas
705 3196 761 3239 non
774 3180 900 3240 defluant
916 3181 1034 3256 imbres,
1050 3181 1126 3239 stilla

134 3280 222 3321 saeva
240 3271 294 3323 est.
323 3281 396 3341 ergo
410 3265 569 3341 plurumum
580 3264 710 3322 intererit
720 3263 776 3323 hac
792 3265 820 3322 in
835 3264 1029 3341 inquisitione,
1047 3272 1125 3323 terra

133 3346 161 3402 in
175 3363 230 3424 qua
247 3363 378 3406 seremus
395 3349 422 3406 in
437 3355 569 3425 quantum
585 3347 706 3406 arbores
721 3364 851 3426 quasque
866 3347 934 3407 alat.
956 3348 1010 3405 iam
1026 3362 1125 3423 perse

134 3428 227 3488 colles
244 3430 354 3491 minora
369 3439 508 3510 quaerunt
528 3429 688 3489 intervalla.
718 3432 848 3490 ventosis
872 3430 945 3488 locis
961 3427 1132 3488 crebriores
