2422 3840
126 155 187 216 242
478 164 508 212 c.
524 163 621 211 rnunr
637 162 789 211 suenum

127 321 254 383 sertulae
271 319 349 399 quod
366 319 530 398 occupavit.
561 318 634 378 odor
650 327 695 378 est
710 335 799 378 croco
816 317 927 377 vicinus
945 317 1059 395 ethos,
1076 319 1145 398 ipsa

127 425 207 467 cana.
243 405 342 482 placet
355 420 487 464 maxume
503 401 582 462 toliis
597 402 778 462 brevissimis
796 411 883 479 atque
898 402 1113 481 pinguissimis.

83 501 118 554 54
193 488 277 566 (30.)
300 485 383 547 Folio
399 496 520 548 coronat
533 495 562 546 et
578 486 725 568 trifolium.
751 488 805 547 tria
821 487 883 545 eius
898 503 1024 563 genera:
1046 487 1144 563 miny-

127 574 228 635 anthes
254 579 360 631 vocant
388 570 509 646 Graeci,
537 570 585 631 alii
613 570 793 651 asphaltion,
821 571 929 631 maiore
951 571 1044 647 folio,
1082 586 1144 650 qno

125 665 240 716 utuntur
268 656 427 731 coronarii,
453 655 575 716 alterum
593 664 676 715 acuto
703 654 931 734 oxytriphytlon.
963 656 1085 715 tertium
1103 673 1165 716 exn

126 740 258 800 omnibus
278 739 504 800 minutissimum.
537 740 612 799 inter
632 739 705 809 haec
720 740 838 799 nervosi
858 738 994 800 cauliculi
1016 738 1143 817 quibus-

83 838 117 890 55
129 827 203 901 dam,
227 833 258 884 nt
273 824 417 899 maratho,
446 824 678 902 hippomaiatho,
696 823 873 902 myophono.
904 822 1027 884 Utuntur
1045 832 1078 882 et
1097 822 1144 883 ie·

126 908 197 969 rnlis
224 919 252 968 et
281 908 429 983 corymbis
452 908 581 968 hederae
608 908 681 967 flore
707 924 854 987 purpureo
884 916 913 967 et
939 907 997 968 alio
1022 924 1145 984 genera

128 1010 225 1054 earnm
244 991 426 1051 silvestribus
441 993 518 1051 rosis
534 992 628 1051 simili.
663 993 759 1052 sedin
774 992 818 1051 his
833 1009 951 1072 quoque
974 990 1063 1051 colos
1080 1001 1144 1054 tan-

125 1088 183 1138 tum
200 1076 337 1154 delectat,
353 1075 427 1137 odor
443 1084 538 1135 autern
554 1074 647 1135 abest.
678 1075 716 1136 Et
733 1077 832 1136 cneori
848 1076 904 1136 duo
920 1093 1047 1153 genera,
1063 1077 1143 1154 nigri
1154 1096 1176 1138 ro

127 1170 213 1238 atque
232 1158 353 1218 candidi.
385 1159 442 1218 hoc
459 1168 488 1218 et
504 1159 672 1236 odoratum,
694 1178 809 1221 ramosa
824 1159 916 1221 ambo.
944 1159 1057 1220 horeat
1073 1172 1145 1240 post

127 1243 340 1322 aequinoctium
364 1251 535 1304 autumnum.
569 1245 617 1306 10.
639 1242 771 1306 Totidem
785 1255 814 1304 et
835 1245 946 1321 origani
961 1244 991 1302 in
1011 1261 1144 1306 corona·

126 1329 229 1387 mentis
244 1327 379 1405 species,
401 1326 519 1387 alterins
539 1329 614 1387 enim
629 1329 736 1389 nullum
752 1347 868 1402 semen,
889 1327 918 1387 id
935 1329 981 1388 eni
997 1328 1079 1389 odor
1098 1338 1146 1389 est

127 1410 273 1470 Creticum
285 1421 417 1471 vocatur.

85 1505 119 1560 56
196 1494 279 1577 (31.)
304 1493 436 1555 Totidem
453 1504 481 1554 et
501 1495 604 1572 thymi,
633 1495 783 1556 candidum
802 1514 837 1555 ac
861 1496 1019 1573 nigricans.
1055 1497 1175 1559 floretu

128 1588 222 1639 autem
239 1580 317 1639 circa
341 1580 479 1654 solstitia,
508 1597 571 1639 eum
587 1589 615 1639 et
638 1597 709 1658 apes
726 1580 904 1657 decerpunt,
928 1589 956 1639 ut
985 1584 1146 1658 augurium

126 1664 222 1723 mellis
237 1664 283 1722 sit.
313 1672 484 1742 proventum
500 1664 575 1723 enim
594 1672 711 1742 sperant
728 1664 828 1742 apiarii
852 1664 934 1740 large
956 1664 1145 1727 florescente

127 1766 173 1807 eo.
205 1747 330 1807 laeditur
350 1747 489 1807 imbribus
508 1748 667 1826 amittitque
688 1748 798 1811 florem.
837 1748 944 1806 Semen
962 1749 1058 1824 thymi
1087 1769 1145 1812 non

127 1840 226 1911 potest
241 1831 437 1909 deprehendi,
456 1850 520 1891 cum
535 1833 646 1908 origani
660 1849 800 1911 perquam
816 1832 953 1891 minutum
968 1850 1030 1892 non
1045 1843 1145 1896 tannen

127 1915 218 1975 fallat.
252 1914 305 1974 sed
321 1915 388 1992 qnid
404 1915 526 1974 interest
544 1915 710 1975 occultasse
726 1915 755 1975 id
770 1912 920 1976 naturam?
935 1917 964 1975 in
981 1916 1062 1978 dore
1078 1922 1173 1999 ipson

127 1999 304 2074 intellegitur
327 2007 450 2076 satoque
466 2016 502 2058 eo
518 2000 654 2059 nascitur.
686 2000 754 2078 quid
770 2017 827 2059 non
847 2007 1033 2077 temptavere
1051 2003 1143 2064 homi·

84 2093 118 2148 57
129 2077 205 2141 nes?
230 2080 324 2141 hellis
340 2081 428 2142 Attici
443 2082 472 2142 in
487 2091 549 2143 toto
567 2083 639 2143 orbe
655 2102 762 2143 summa
777 2085 841 2145 laus
856 2084 1051 2146 existimatur.
1071 2105 1144 2166 ergo

127 2165 295 2226 translatum
312 2175 356 2226 est
370 2185 408 2226 ex
422 2166 518 2228 Attica
544 2167 670 2243 thymum
694 2177 722 2227 et
744 2170 793 2228 vix
812 2167 900 2243 dore,
927 2171 968 2228 nti
985 2169 1143 2246 docemur,

128 2259 230 2311 satum.
270 2250 323 2310 sed
346 2250 403 2313 alia
429 2253 503 2311 ratio
530 2261 650 2312 naturae
675 2251 785 2312 obstitit
809 2270 867 2312 non
893 2253 1016 2312 durante
1041 2254 1144 2316 Attico

126 2335 224 2412 thum
242 2336 297 2395 nisi
313 2337 342 2395 in
359 2335 465 2395 adflatu
479 2337 575 2398 maris.
605 2344 667 2396 erat
684 2336 798 2415 quidem
814 2336 887 2396 haec
904 2338 1004 2416 opinio
1022 2341 1172 2418 antiquam

126 2421 250 2481 inomni
276 2418 390 2495 thymo,
417 2420 543 2497 ideoque
564 2437 622 2479 nou
641 2421 722 2480 nasci
741 2422 769 2479 in
796 2419 938 2497 Arcadia,
965 2430 1047 2501 turn,
1080 2441 1143 2498 enm

128 2505 222 2564 oleam
237 2521 295 2564 uon
310 2512 445 2583 putarent
459 2504 540 2581 gigni
556 2505 610 2564 nisi
624 2507 698 2565 intra
713 2516 776 2565 ccc
792 2505 883 2565 stadia
897 2521 913 2564 a
930 2507 1012 2564 mari.
1040 2507 1142 2583 thymo

127 2588 242 2666 quidem
258 2607 332 2648 nunc
349 2589 434 2649 etiam
450 2588 584 2668 lapideos
600 2606 719 2669 campos
734 2591 763 2649 in
777 2589 928 2669 provincia
950 2587 1143 2652 Narbonemi

126 2672 253 2732 refertos
269 2675 390 2748 scimus,
421 2673 478 2732 hoc
494 2690 587 2751 paene
604 2673 669 2734 solo
686 2674 796 2750 reditu,
824 2691 839 2732 e
856 2673 1024 2751 longinquis
1041 2679 1142 2753 regio·

127 2756 209 2816 uibus
224 2757 366 2835 pecudum
381 2757 495 2818 milibus
512 2757 750 2817 convenientibus
764 2767 795 2818 ut
810 2756 907 2833 thymo
923 2768 1099 2820 vescantur.
1148 2773 1170 2817 sc

83 2851 118 2905 58
194 2839 278 2920 (32.)
300 2837 337 2899 Ει
361 2857 491 2916 conyzae
512 2840 568 2900 dno
586 2859 697 2917 genera
714 2843 743 2901 in
764 2841 996 2918 coronamentis,
1027 2861 1094 2904 mas
1109 2861 1143 2904 ac

126 2925 242 2984 femina.
273 2923 435 2984 differentia
451 2925 479 2983 in
499 2924 588 2985 lolio:
617 2927 731 2985 tenuius
751 2926 876 2987 feminae
898 2934 928 2985 et
948 2930 1143 2989 constrictius

127 3010 344 3086 angustiusque,
360 3007 538 3069 imbricatnm
554 3010 650 3070 maris.
683 3027 744 3070 mas
759 3020 789 3070 et
804 3011 957 3071 ramosior.
991 3009 1052 3072 bos
1069 3028 1142 3092 quo·

127 3109 183 3171 que
199 3092 291 3167 magis
309 3092 445 3170 splendet
467 3093 546 3168 eius,
572 3096 718 3154 serotinus
745 3096 860 3174 utrique
883 3102 951 3174 post
978 3105 1140 3157 arcturum.

125 3194 186 3236 mas
201 3175 293 3235 odore
314 3178 447 3253 gravior,
471 3176 576 3237 lemina
601 3181 726 3255 acutior,
764 3188 793 3239 et
815 3180 881 3239 ideo
904 3187 1005 3238 contra
1028 3179 1170 3242 bestia-st

72 3332 78 3347 ·
125 3280 187 3321 rum
213 3277 326 3321 morsus
353 3263 456 3341 aptior.
503 3261 574 3322 lolia
602 3263 725 3323 feminae
746 3263 842 3325 mellis
867 3263 990 3323 odorem
1016 3263 1140 3340 babent,

126 3344 273 3406 masculae
298 3345 381 3406 radix
406 3362 423 3406 a
449 3345 619 3426 quibusdam
646 3346 780 3408 libanotis
806 3346 987 3427 appellatur,
1016 3347 1057 3409 de
1085 3367 1142 3431 qua

69 3430 296 3492 somniumne.
