2422 3840
377 193 457 240 nun.
474 191 564 240 ausu.
581 190 666 238 xvrr.
683 185 727 240 sl.
747 178 824 254 (37.)
1060 176 1100 239 87

102 346 268 410 corticibus.
301 355 331 407 et
342 348 504 425 aegrotatio
522 345 637 424 quidem
654 345 717 405 fere
734 344 825 405 iubis
841 353 895 404 est.
922 344 962 424 [8]
987 340 1143 417 Quae-232

101 433 165 493 dam
186 440 347 509 temporum
374 448 479 491 causae
509 438 557 489 aut
581 429 713 489 locorum
738 445 795 487 non
821 429 942 507 proprie
968 427 1101 487 dicantur

102 513 210 588 morbi,
229 515 362 592 quoniam
376 515 507 592 protinus
526 520 646 587 necant,
664 513 739 571 sicut
753 512 837 572 tabes
856 530 919 571 cum
934 511 1040 570 invasit
1055 528 1099 570 nr·

102 597 203 656 borem
218 606 266 657 aut
281 598 372 657 uredo
386 598 435 657 vel
451 597 536 655 datus
554 596 674 656 alicuius
689 596 819 671 regionis
834 597 990 674 proprius,
1007 603 1037 654 ut
1056 602 1101 653 est

79 683 130 739 sm
146 681 251 759 Apulia
268 681 416 755 atabulus,
439 682 468 739 in
487 679 609 739 Euboea
624 678 780 757 Olympias.
812 679 860 738 bic
881 681 955 738 enirn
976 679 1001 737 si
1022 677 1101 738 davit

101 766 178 823 circa
193 764 332 838 brumam,
346 764 457 840 frigore
473 764 567 822 exurit
579 762 753 838 arefaciens,
766 771 796 821 ut
811 762 896 821 nullis
911 771 1015 839 postea
1031 761 1100 821 soli·

100 846 153 906 bus
170 850 299 907 recreari
317 849 439 924 possint.
470 845 528 906 lroc
548 864 659 922 genere
682 845 832 905 convalles
850 854 880 905 et
900 845 1033 923 adposita
1048 845 1099 905 llu-

100 930 222 989 minibus
238 930 380 1006 laborant,
399 932 617 1009 praecipueque
629 931 706 1005 vitis,
721 929 798 1003 olea,
814 929 897 988 licus.
923 929 1001 1006 quod
1015 946 1078 987 cum
1089 937 1142 991 233

100 1015 190 1092 veuit,
207 1014 354 1090 detegitur
367 1015 463 1074 statim
480 1016 508 1072 in
523 1014 743 1091 germinatione,
761 1014 789 1071 in
804 1012 882 1071 oliva
899 1012 1017 1072 tardius.
1045 1011 1110 1071 sed.

65 1099 130 1158 scin
145 1097 275 1156 omnibus
292 1099 403 1174 signum
425 1108 470 1157 cst
485 1096 704 1172 revivescendi,
728 1099 753 1156 si
774 1096 846 1156 folia
861 1097 996 1156 amisere.
1027 1095 1098 1156 alio·

100 1182 168 1260 quin
182 1199 254 1259 quas
266 1190 349 1259 putes
362 1182 562 1261 praevaluisse
578 1182 743 1241 moriuntur.
784 1197 994 1259 nonnumquam
1005 1181 1098 1240 inare-

98 1274 183 1325 scunt
196 1264 267 1324 folia
282 1267 442 1345 eademque
456 1267 651 1326 revivescunt.
679 1265 754 1325 aliae
766 1266 794 1323 in
811 1263 1097 1342 septentrionalibus,

97 1358 129 1408 ut
145 1349 248 1422 Ponto,
267 1347 401 1425 Phrygia,
418 1350 528 1425 frigore
544 1356 592 1407 aut
609 1349 677 1424 gelu
691 1347 836 1422 laborant,
850 1349 874 1406 si
888 1357 956 1425 post
971 1347 1099 1406 brumam

100 1434 306 1492 continuavere
314 1445 360 1490 XL
372 1432 484 1491 diebus.
522 1440 552 1490 et
567 1430 605 1488 ibi
623 1440 716 1491 autem
732 1441 762 1490 et
776 1432 804 1489 in
818 1430 940 1509 reliquis
956 1431 1097 1508 partibus,

65 1528 91 1568 1⁵
100 1517 125 1574 si
142 1516 272 1592 protinus
284 1514 369 1572 editis
381 1514 521 1572 fructibus
532 1513 641 1588 gelatio
653 1531 755 1589 magna
768 1522 925 1572 consecuta
942 1523 996 1589 est,
1014 1515 1098 1572 etiarn

99 1599 200 1676 paucis
217 1594 319 1655 dicbus
335 1605 429 1655 necat.
457 1597 497 1673 [91
522 1595 605 1668 Quae
619 1598 720 1655 iniuria
732 1596 879 1654 bominum
892 1604 1024 1654 constant
1035 1605 1140 1658 setta

101 1697 166 1739 cum
181 1678 288 1738 habent
303 1696 415 1738 causas.
446 1681 507 1756 pix,
525 1679 631 1754 oleum,
648 1680 729 1757 adips
745 1681 857 1738 inimica
873 1680 1030 1757 praecipue
1046 1695 1096 1737 no-

99 1762 195 1822 vellis.
225 1759 343 1822 Cortr'ce
361 1764 389 1821 in
407 1761 507 1821 orbem
526 1763 656 1822 detracto
672 1773 821 1839 necantur,
835 1771 962 1840 excepto
979 1762 1097 1837 subere,

100 1845 178 1926 quod
205 1847 248 1904 sic
273 1847 359 1906 etiam
386 1848 515 1922 iuvatur,
543 1864 732 1907 crassescens
758 1848 833 1906 enim
858 1847 1046 1924 praestringit
1069 1855 1097 1904 et

62 1928 268 2006 rostrangulat.
284 1947 340 1988 uec
355 1928 510 1990 andrachle
527 1930 691 2007 offenditur,
704 1933 728 1991 si
743 1948 803 1990 uon
816 1929 899 1989 simul
914 1929 1054 1990 incidatur
1069 1939 1098 1990 et

99 2031 216 2091 corpus.
259 2013 368 2090 alioqui
384 2022 414 2072 et
433 2031 554 2073 cerasus
572 2023 601 2073 et
617 2015 676 2074 tilia
692 2024 722 2074 et
735 2016 801 2074 vitis
818 2015 957 2074 corticem
974 2015 1095 2088 mittunt,

99 2096 154 2158 sed
180 2114 238 2156 non
257 2096 390 2172 vitalem,
413 2115 468 2156 nec
490 2113 657 2174 proxumum
682 2092 941 2176 corpori,'vsrum
961 2115 1025 2156 eum
1049 2099 1097 2176 qui

98 2179 294 2241 subnascente
305 2179 363 2239 alio
376 2179 543 2257 expellitur.
569 2178 750 2252 Quarundam
765 2191 864 2241 natura
878 2181 1003 2240 rimosus
1016 2191 1140 2245 cor-235

98 2273 166 2340 tex,
186 2273 218 2324 ut
237 2263 369 2342 platanis.
403 2263 482 2323 tiliae
503 2265 664 2322 renascitur
687 2264 773 2341 paulo
796 2266 886 2322 minus
907 2281 992 2340 quam
1009 2273 1096 2323 totus.

62 2366 91 2406 as
101 2364 172 2425 ergo
187 2346 232 2408 bis
246 2366 365 2426 quarum
382 2347 547 2406 cicatricem
563 2347 648 2407 trabit
661 2346 811 2406 medentur
828 2346 888 2405 luto
906 2346 1040 2423 limoque.
1068 2357 1098 2406 et

99 2429 252 2507 aliquando
268 2440 405 2510 prosunt,
422 2432 447 2490 si
462 2448 518 2490 non
534 2431 735 2490 vehementior
749 2431 888 2506 frigorum
903 2438 951 2489 aut
969 2429 1097 2489 calorum

97 2513 142 2572 vis
157 2523 257 2573 secuta
274 2525 328 2576 est.
363 2514 507 2594 quaedam
527 2514 634 2574 tardius
651 2516 689 2576 ita
704 2515 877 2588 moriuntur,
899 2522 930 2572 ut
945 2513 1053 2574 robora
1068 2523 1097 2573 et

99 2612 234 2671 quercus.
264 2597 355 2657 refert
368 2608 398 2657 et
411 2608 525 2676 tempus
542 2600 616 2657 anni.
647 2599 735 2658 abieti
757 2600 831 2658 enim
850 2606 879 2656 et
898 2598 966 2675 pino
987 2599 1012 2657 si
1033 2600 1096 2676 quis

99 2676 260 2736 detraxerit
274 2679 340 2738 sole
353 2689 463 2741 taurum
480 2680 528 2740 vel
548 2683 681 2758 geminos
701 2690 886 2757 transeunte,
909 2700 973 2741 cum
992 2683 1097 2758 germi-

61 2783 89 2824 ω
99 2767 178 2834 nant,
194 2761 289 2819 statim
303 2764 470 2840 moriuntur,
484 2766 604 2826 eandem
616 2767 745 2825 iniuriam
760 2766 854 2826 bieme
870 2783 976 2843 passae
993 2767 1097 2826 diutius

98 2841 234 2902 tolerant.
262 2845 393 2905 similiter
403 2847 465 2907 ilex
476 2858 506 2908 et
514 2849 604 2909 robur
616 2859 646 2909 et
658 2867 794 2927 quercus.
823 2848 905 2922 Quae
920 2851 944 2908 si
959 2859 1139 2927 angustando

98 2925 289 2986 decorticatio
304 2929 367 3004 luit,
386 2929 453 2989 nibil
469 2943 590 2992 uocetur
605 2951 692 3012 supra
711 2933 805 3008 dictis,
820 2932 1023 2992 infirmioribus
1036 2934 1096 3011 qui·

98 3010 166 3070 dem
186 3018 216 3068 et
235 3012 264 3068 in
278 3010 343 3070 solo
360 3013 462 3088 gracili
476 3015 525 3074 vel
538 3015 575 3076 ab
591 3034 647 3076 una
662 3025 769 3077 tautum
791 3024 873 3094 parte
891 3014 1038 3076 detractus
1056 3017 1096 3075 in·

98 3095 223 3154 teremit.
258 3095 387 3154 Similem
411 3105 441 3157 et
462 3096 689 3159 decacuminatio
712 3101 852 3160 rationem
872 3097 959 3158 babet
981 3102 1095 3178 piceae,

60 3176 198 3254 rocedri,
225 3181 367 3256 cupressi.
410 3178 466 3240 hae
491 3183 565 3240 enirn
587 3182 718 3243 detracto
742 3183 890 3243 cacumine
912 3193 960 3242 aut
983 3184 1096 3260 ignibus

99 3261 201 3319 adusto
230 3263 384 3323 intereunt.
417 3263 539 3324 similem
562 3274 592 3324 et
616 3265 750 3344 depastio
773 3265 942 3326 animalium.
976 3266 1076 3325 Oleam
1088 3273 1136 3327 ast

98 3343 213 3420 quidem
230 3347 356 3405 etiamsi
373 3346 480 3407 lambat
496 3364 584 3425 capra
601 3349 790 3409 sterilescere
807 3357 909 3409 auctor
930 3357 976 3407 est
991 3348 1095 3422 Varro,

96 3435 128 3484 ut
141 3426 271 3489 diximus.
296 3431 438 3508 quaedam
453 3431 508 3491 hac
522 3430 623 3492 iniuria
638 3435 806 3510 moriuntur,
823 3431 920 3507 aliqua
933 3429 1157 3504 deteriorati}x
