<?xml version="1.0" encoding="UTF-8"?>
<!DOCTYPE html PUBLIC "-//W3C//DTD XHTML 1.0 Transitional//EN"
    "http://www.w3.org/TR/xhtml1/DTD/xhtml1-transitional.dtd">
<html xmlns="http://www.w3.org/1999/xhtml" xml:lang="en" lang="en">
 <head>
  <title>
</title>
<meta http-equiv="Content-Type" content="text/html;charset=utf-8" />
  <meta name='ocr-system' content='tesseract 3.04.00' />
  <meta name='ocr-capabilities' content='ocr_page ocr_carea ocr_par ocr_line ocrx_word'/>
</head>
<body>
  <div class='ocr_page' id='page_1' title='image "./cplinisecundina04plingoog_0108.png"; bbox 0 0 2422 3840; ppageno 0'>
   <div class='ocr_carea' id='block_1_1' title="bbox 339 196 1100 283">
    <p class='ocr_par' dir='ltr' id='par_1_1' title="bbox 339 196 1100 283">
     <span class='ocr_line' id='line_1_1' title="bbox 339 196 1100 283; baseline 0.011 -27"><span class='ocrx_word' id='word_1_1' title='bbox 339 210 420 258; x_wconf 75' lang='lat' dir='ltr'><strong>unu.</strong></span> <span class='ocrx_word' id='word_1_2' title='bbox 432 211 523 258; x_wconf 78' lang='lat' dir='ltr'><strong>mrsu.</strong></span> <span class='ocrx_word' id='word_1_3' title='bbox 540 211 625 259; x_wconf 86' lang='lat' dir='ltr'><strong>xvn.</strong></span> <span class='ocrx_word' id='word_1_4' title='bbox 641 208 726 262; x_wconf 77' lang='lat'><strong>2-4.</strong></span> <span class='ocrx_word' id='word_1_5' title='bbox 747 196 863 283; x_wconf 82' lang='grc'>(2-3.)</span> <span class='ocrx_word' id='word_1_6' title='bbox 1061 204 1100 264; x_wconf 84' lang='grc'><strong>49</strong></span> 
     </span>
    </p>
   </div>
   <div class='ocr_carea' id='block_1_2' title="bbox 12 361 1145 3600">
    <p class='ocr_par' dir='ltr' id='par_1_2' title="bbox 12 361 1145 3600">
     <span class='ocr_line' id='line_1_2' title="bbox 103 361 1145 446; baseline 0.008 -23"><span class='ocrx_word' id='word_1_7' title='bbox 103 363 176 423; x_wconf 90' lang='lat' dir='ltr'><strong>sole.</strong></span> <span class='ocrx_word' id='word_1_8' title='bbox 206 361 325 424; x_wconf 83' lang='lat' dir='ltr'><strong>Conexa</strong></span> <span class='ocrx_word' id='word_1_9' title='bbox 336 372 366 423; x_wconf 90' lang='lat' dir='ltr'><strong>et</strong></span> <span class='ocrx_word' id='word_1_10' title='bbox 377 365 448 423; x_wconf 86' lang='lat' dir='ltr'><strong>situs</strong></span> <span class='ocrx_word' id='word_1_11' title='bbox 461 365 608 425; x_wconf 87' lang='lat' dir='ltr'><strong>vinearum</strong></span> <span class='ocrx_word' id='word_1_12' title='bbox 620 366 859 444; x_wconf 81' lang='lat' dir='ltr'><strong>arbustorumque</strong></span> <span class='ocrx_word' id='word_1_13' title='bbox 871 369 944 426; x_wconf 92' lang='lat' dir='ltr'><strong>ratio</strong></span> <span class='ocrx_word' id='word_1_14' title='bbox 958 376 1013 443; x_wconf 90' lang='lat' dir='ltr'><strong>est,</strong></span> <span class='ocrx_word' id='word_1_15' title='bbox 1026 386 1097 446; x_wconf 90' lang='lat' dir='ltr'><strong>quas</strong></span> <span class='ocrx_word' id='word_1_16' title='bbox 1111 378 1145 431; x_wconf 79' lang='lat'><strong>19</strong></span> 
     </span>
     <span class='ocr_line' id='line_1_3' title="bbox 101 446 1099 527; baseline 0.003 -20"><span class='ocrx_word' id='word_1_17' title='bbox 101 449 130 507; x_wconf 91' lang='lat' dir='ltr'><strong>in</strong></span> <span class='ocrx_word' id='word_1_18' title='bbox 142 447 229 507; x_wconf 91' lang='lat' dir='ltr'><strong>horas</strong></span> <span class='ocrx_word' id='word_1_19' title='bbox 243 446 367 507; x_wconf 91' lang='lat' dir='ltr'><strong>debeant</strong></span> <span class='ocrx_word' id='word_1_20' title='bbox 375 457 520 525; x_wconf 88' lang='lat' dir='ltr'><strong>spectare.</strong></span> <span class='ocrx_word' id='word_1_21' title='bbox 533 449 680 526; x_wconf 87' lang='lat' dir='ltr'><strong>Vergilius</strong></span> <span class='ocrx_word' id='word_1_22' title='bbox 693 450 728 509; x_wconf 94' lang='lat' dir='ltr'><strong>ad</strong></span> <span class='ocrx_word' id='word_1_23' title='bbox 741 466 864 510; x_wconf 79' lang='lat' dir='ltr'><strong>occasus</strong></span> <span class='ocrx_word' id='word_1_24' title='bbox 876 451 935 510; x_wconf 94' lang='lat' dir='ltr'><strong>seri</strong></span> <span class='ocrx_word' id='word_1_25' title='bbox 947 450 1099 527; x_wconf 90' lang='lat' dir='ltr'><strong>damnavit,</strong></span> 
     </span>
     <span class='ocr_line' id='line_1_4' title="bbox 102 531 1099 613; baseline 0.004 -23"><span class='ocrx_word' id='word_1_26' title='bbox 102 532 189 610; x_wconf 79' lang='lat' dir='ltr'><strong>aliqui</strong></span> <span class='ocrx_word' id='word_1_27' title='bbox 204 534 248 590; x_wconf 91' lang='lat' dir='ltr'><strong>sic</strong></span> <span class='ocrx_word' id='word_1_28' title='bbox 262 531 391 591; x_wconf 85' lang='lat' dir='ltr'><strong>maluere</strong></span> <span class='ocrx_word' id='word_1_29' title='bbox 404 549 488 610; x_wconf 93' lang='lat' dir='ltr'><strong>quam</strong></span> <span class='ocrx_word' id='word_1_30' title='bbox 503 533 531 592; x_wconf 92' lang='lat' dir='ltr'><strong>in</strong></span> <span class='ocrx_word' id='word_1_31' title='bbox 547 543 659 593; x_wconf 90' lang='lat' dir='ltr'><strong>exortu.</strong></span> <span class='ocrx_word' id='word_1_32' title='bbox 689 551 705 593; x_wconf 91' lang='lat' dir='ltr'><strong>a</strong></span> <span class='ocrx_word' id='word_1_33' title='bbox 721 533 852 612; x_wconf 90' lang='lat' dir='ltr'><strong>pluribus</strong></span> <span class='ocrx_word' id='word_1_34' title='bbox 868 535 1016 594; x_wconf 86' lang='lat' dir='ltr'><strong>meridiem</strong></span> <span class='ocrx_word' id='word_1_35' title='bbox 1032 553 1099 613; x_wconf 93' lang='lat' dir='ltr'><strong>pro·</strong></span> 
     </span>
     <span class='ocr_line' id='line_1_5' title="bbox 101 615 1098 696; baseline 0.004 -23"><span class='ocrx_word' id='word_1_36' title='bbox 101 615 163 674; x_wconf 93' lang='lat' dir='ltr'><strong>bari</strong></span> <span class='ocrx_word' id='word_1_37' title='bbox 180 615 311 690; x_wconf 90' lang='lat' dir='ltr'><strong>adverto,</strong></span> <span class='ocrx_word' id='word_1_38' title='bbox 327 633 383 674; x_wconf 94' lang='lat' dir='ltr'><strong>nec</strong></span> <span class='ocrx_word' id='word_1_39' title='bbox 397 615 522 676; x_wconf 77' lang='lat' dir='ltr'><strong>arbitror</strong></span> <span class='ocrx_word' id='word_1_40' title='bbox 536 626 707 694; x_wconf 90' lang='lat' dir='ltr'><strong>perpetuum</strong></span> <span class='ocrx_word' id='word_1_41' title='bbox 724 618 875 695; x_wconf 90' lang='lat' dir='ltr'><strong>quicquam</strong></span> <span class='ocrx_word' id='word_1_42' title='bbox 896 619 925 676; x_wconf 92' lang='lat' dir='ltr'><strong>in</strong></span> <span class='ocrx_word' id='word_1_43' title='bbox 939 617 996 677; x_wconf 91' lang='lat' dir='ltr'><strong>hoc</strong></span> <span class='ocrx_word' id='word_1_44' title='bbox 1015 636 1098 696; x_wconf 91' lang='lat' dir='ltr'><strong>prae·</strong></span> 
     </span>
     <span class='ocr_line' id='line_1_6' title="bbox 78 698 1097 777; baseline 0.005 -21"><span class='ocrx_word' id='word_1_45' title='bbox 78 699 160 777; x_wconf 79' lang='lat' dir='ltr'><strong>ccipi</strong></span> <span class='ocrx_word' id='word_1_46' title='bbox 176 715 276 777; x_wconf 89' lang='lat' dir='ltr'><strong>posse.</strong></span> <span class='ocrx_word' id='word_1_47' title='bbox 304 698 340 759; x_wconf 92' lang='lat' dir='ltr'><strong>ad</strong></span> <span class='ocrx_word' id='word_1_48' title='bbox 351 698 407 757; x_wconf 93' lang='lat' dir='ltr'><strong>soli</strong></span> <span class='ocrx_word' id='word_1_49' title='bbox 423 707 561 774; x_wconf 91' lang='lat' dir='ltr'><strong>naturam,</strong></span> <span class='ocrx_word' id='word_1_50' title='bbox 578 701 613 760; x_wconf 92' lang='lat' dir='ltr'><strong>ad</strong></span> <span class='ocrx_word' id='word_1_51' title='bbox 628 700 686 759; x_wconf 90' lang='lat' dir='ltr'><strong>loci</strong></span> <span class='ocrx_word' id='word_1_52' title='bbox 698 702 852 776; x_wconf 82' lang='lat' dir='ltr'><strong>ingenium,</strong></span> <span class='ocrx_word' id='word_1_53' title='bbox 869 701 905 760; x_wconf 89' lang='lat' dir='ltr'><strong>ad</strong></span> <span class='ocrx_word' id='word_1_54' title='bbox 917 701 991 760; x_wconf 92' lang='lat' dir='ltr'><strong>caeli</strong></span> <span class='ocrx_word' id='word_1_55' title='bbox 1005 704 1097 761; x_wconf 89' lang='lat' dir='ltr'><strong>cuius·</strong></span> 
     </span>
     <span class='ocr_line' id='line_1_7' title="bbox 101 782 1141 861; baseline 0.006 -20"><span class='ocrx_word' id='word_1_56' title='bbox 101 801 158 861; x_wconf 94' lang='lat' dir='ltr'><strong>que</strong></span> <span class='ocrx_word' id='word_1_57' title='bbox 173 799 270 843; x_wconf 91' lang='lat' dir='ltr'><strong>mores</strong></span> <span class='ocrx_word' id='word_1_58' title='bbox 286 782 435 858; x_wconf 84' lang='lat' dir='ltr'><strong>dirigenda</strong></span> <span class='ocrx_word' id='word_1_59' title='bbox 449 782 580 843; x_wconf 90' lang='lat' dir='ltr'><strong>sollertia</strong></span> <span class='ocrx_word' id='word_1_60' title='bbox 596 793 651 843; x_wconf 88' lang='lat' dir='ltr'><strong>est.</strong></span> <span class='ocrx_word' id='word_1_61' title='bbox 679 783 711 842; x_wconf 95' lang='lat' dir='ltr'><strong>ln</strong></span> <span class='ocrx_word' id='word_1_62' title='bbox 723 784 822 842; x_wconf 77' lang='lat' dir='ltr'><strong>Africa</strong></span> <span class='ocrx_word' id='word_1_63' title='bbox 837 784 984 843; x_wconf 89' lang='lat' dir='ltr'><strong>meridiem</strong></span> <span class='ocrx_word' id='word_1_64' title='bbox 997 786 1096 844; x_wconf 90' lang='lat' dir='ltr'><strong>vineas</strong></span> <span class='ocrx_word' id='word_1_65' title='bbox 1107 797 1141 849; x_wconf 86' lang='grc'><strong>20</strong></span> 
     </span>
     <span class='ocr_line' id='line_1_8' title="bbox 100 865 1097 945; baseline 0.004 -21"><span class='ocrx_word' id='word_1_66' title='bbox 100 875 236 944; x_wconf 90' lang='lat' dir='ltr'><strong>spectare</strong></span> <span class='ocrx_word' id='word_1_67' title='bbox 251 875 280 925; x_wconf 91' lang='lat' dir='ltr'><strong>et</strong></span> <span class='ocrx_word' id='word_1_68' title='bbox 291 867 342 924; x_wconf 90' lang='lat' dir='ltr'><strong>viti</strong></span> <span class='ocrx_word' id='word_1_69' title='bbox 354 865 464 941; x_wconf 92' lang='lat' dir='ltr'><strong>inutile,</strong></span> <span class='ocrx_word' id='word_1_70' title='bbox 478 867 584 927; x_wconf 92' lang='lat' dir='ltr'><strong>colono</strong></span> <span class='ocrx_word' id='word_1_71' title='bbox 597 867 743 927; x_wconf 88' lang='lat' dir='ltr'><strong>insalubre</strong></span> <span class='ocrx_word' id='word_1_72' title='bbox 756 875 810 941; x_wconf 91' lang='lat' dir='ltr'><strong>est,</strong></span> <span class='ocrx_word' id='word_1_73' title='bbox 819 867 952 944; x_wconf 91' lang='lat' dir='ltr'><strong>quoniam</strong></span> <span class='ocrx_word' id='word_1_74' title='bbox 964 869 1026 945; x_wconf 91' lang='lat' dir='ltr'><strong>ipsa</strong></span> <span class='ocrx_word' id='word_1_75' title='bbox 1039 886 1097 928; x_wconf 89' lang='lat' dir='ltr'><strong>me·</strong></span> 
     </span>
     <span class='ocr_line' id='line_1_9' title="bbox 98 948 1098 1029; baseline 0.003 -21"><span class='ocrx_word' id='word_1_76' title='bbox 98 950 226 1009; x_wconf 90' lang='lat' dir='ltr'><strong>ridianae</strong></span> <span class='ocrx_word' id='word_1_77' title='bbox 241 948 373 1009; x_wconf 87' lang='lat' dir='ltr'><strong>subiacet</strong></span> <span class='ocrx_word' id='word_1_78' title='bbox 390 948 512 1027; x_wconf 85' lang='lat' dir='ltr'><strong>plagae,</strong></span> <span class='ocrx_word' id='word_1_79' title='bbox 535 959 714 1029; x_wconf 91' lang='lat' dir='ltr'><strong>quapropter</strong></span> <span class='ocrx_word' id='word_1_80' title='bbox 730 951 770 1010; x_wconf 90' lang='lat' dir='ltr'><strong>ibi</strong></span> <span class='ocrx_word' id='word_1_81' title='bbox 792 952 839 1028; x_wconf 91' lang='lat' dir='ltr'><strong>qui</strong></span> <span class='ocrx_word' id='word_1_82' title='bbox 855 953 883 1009; x_wconf 91' lang='lat' dir='ltr'><strong>in</strong></span> <span class='ocrx_word' id='word_1_83' title='bbox 899 968 1034 1011; x_wconf 91' lang='lat' dir='ltr'><strong>occasum</strong></span> <span class='ocrx_word' id='word_1_84' title='bbox 1050 962 1098 1012; x_wconf 93' lang='lat' dir='ltr'><strong>aut</strong></span> 
     </span>
     <span class='ocr_line' id='line_1_10' title="bbox 100 1033 1097 1113; baseline 0.003 -21"><span class='ocrx_word' id='word_1_85' title='bbox 100 1033 315 1110; x_wconf 79' lang='lat' dir='ltr'><strong>septentriones</strong></span> <span class='ocrx_word' id='word_1_86' title='bbox 342 1043 479 1094; x_wconf 88' lang='lat' dir='ltr'><strong>conseret</strong></span> <span class='ocrx_word' id='word_1_87' title='bbox 502 1044 619 1113; x_wconf 88' lang='lat' dir='ltr'><strong>optume</strong></span> <span class='ocrx_word' id='word_1_88' title='bbox 641 1033 775 1094; x_wconf 83' lang='lat' dir='ltr'><strong>miscebit</strong></span> <span class='ocrx_word' id='word_1_89' title='bbox 798 1034 892 1094; x_wconf 90' lang='lat' dir='ltr'><strong>solum</strong></span> <span class='ocrx_word' id='word_1_90' title='bbox 909 1035 1003 1094; x_wconf 90' lang='lat' dir='ltr'><strong>caelo.</strong></span> <span class='ocrx_word' id='word_1_91' title='bbox 1035 1054 1097 1096; x_wconf 89' lang='lat' dir='ltr'><strong>cum</strong></span> 
     </span>
     <span class='ocr_line' id='line_1_11' title="bbox 64 1116 1096 1197; baseline 0.003 -23"><span class='ocrx_word' id='word_1_92' title='bbox 64 1116 246 1194; x_wconf 86' lang='lat' dir='ltr'><strong>1⁰Vergilius</strong></span> <span class='ocrx_word' id='word_1_93' title='bbox 260 1134 383 1176; x_wconf 90' lang='lat' dir='ltr'><strong>occasus</strong></span> <span class='ocrx_word' id='word_1_94' title='bbox 394 1118 540 1195; x_wconf 87' lang='lat' dir='ltr'><strong>inprobet,</strong></span> <span class='ocrx_word' id='word_1_95' title='bbox 556 1136 612 1178; x_wconf 95' lang='lat' dir='ltr'><strong>nec</strong></span> <span class='ocrx_word' id='word_1_96' title='bbox 627 1118 664 1177; x_wconf 92' lang='lat' dir='ltr'><strong>de</strong></span> <span class='ocrx_word' id='word_1_97' title='bbox 679 1119 877 1197; x_wconf 90' lang='lat' dir='ltr'><strong>septentrione</strong></span> <span class='ocrx_word' id='word_1_98' title='bbox 889 1119 1001 1197; x_wconf 91' lang='lat' dir='ltr'><strong>reliqua</strong></span> <span class='ocrx_word' id='word_1_99' title='bbox 1016 1120 1096 1179; x_wconf 91' lang='lat' dir='ltr'><strong>dubi·</strong></span> 
     </span>
     <span class='ocr_line' id='line_1_12' title="bbox 98 1201 1095 1282; baseline 0.003 -22"><span class='ocrx_word' id='word_1_100' title='bbox 98 1202 170 1261; x_wconf 91' lang='lat' dir='ltr'><strong>tatio</strong></span> <span class='ocrx_word' id='word_1_101' title='bbox 185 1201 307 1261; x_wconf 90' lang='lat' dir='ltr'><strong>videtur.</strong></span> <span class='ocrx_word' id='word_1_102' title='bbox 340 1202 418 1280; x_wconf 91' lang='lat' dir='ltr'><strong>atqui</strong></span> <span class='ocrx_word' id='word_1_103' title='bbox 433 1202 461 1260; x_wconf 95' lang='lat' dir='ltr'><strong>in</strong></span> <span class='ocrx_word' id='word_1_104' title='bbox 478 1203 618 1280; x_wconf 90' lang='lat' dir='ltr'><strong>cisalpina</strong></span> <span class='ocrx_word' id='word_1_105' title='bbox 631 1201 713 1262; x_wconf 90' lang='lat' dir='ltr'><strong>Italia</strong></span> <span class='ocrx_word' id='word_1_106' title='bbox 725 1219 827 1278; x_wconf 84' lang='lat' dir='ltr'><strong>magna</strong></span> <span class='ocrx_word' id='word_1_107' title='bbox 843 1221 880 1261; x_wconf 97' lang='lat' dir='ltr'><strong>ex</strong></span> <span class='ocrx_word' id='word_1_108' title='bbox 900 1212 983 1282; x_wconf 92' lang='lat' dir='ltr'><strong>parte</strong></span> <span class='ocrx_word' id='word_1_109' title='bbox 1003 1205 1095 1263; x_wconf 91' lang='lat' dir='ltr'><strong>vineis</strong></span> 
     </span>
     <span class='ocr_line' id='line_1_13' title="bbox 98 1284 1136 1363; baseline 0.007 -20"><span class='ocrx_word' id='word_1_110' title='bbox 98 1285 137 1344; x_wconf 91' lang='lat' dir='ltr'><strong>ita</strong></span> <span class='ocrx_word' id='word_1_111' title='bbox 152 1286 254 1363; x_wconf 92' lang='lat' dir='ltr'><strong>positis</strong></span> <span class='ocrx_word' id='word_1_112' title='bbox 272 1294 441 1363; x_wconf 90' lang='lat' dir='ltr'><strong>conpertum</strong></span> <span class='ocrx_word' id='word_1_113' title='bbox 456 1296 501 1346; x_wconf 90' lang='lat' dir='ltr'><strong>est</strong></span> <span class='ocrx_word' id='word_1_114' title='bbox 516 1287 609 1346; x_wconf 91' lang='lat' dir='ltr'><strong>nullas</strong></span> <span class='ocrx_word' id='word_1_115' title='bbox 630 1304 697 1346; x_wconf 90' lang='lat' dir='ltr'><strong>esse</strong></span> <span class='ocrx_word' id='word_1_116' title='bbox 713 1284 881 1346; x_wconf 83' lang='lat' dir='ltr'><strong>fertiliores.</strong></span> <span class='ocrx_word' id='word_1_117' title='bbox 912 1285 1030 1346; x_wconf 90' lang='lat' dir='ltr'><strong>blultum</strong></span> <span class='ocrx_word' id='word_1_118' title='bbox 1047 1304 1091 1346; x_wconf 93' lang='lat' dir='ltr'><strong>ra·</strong></span> <span class='ocrx_word' id='word_1_119' title='bbox 1104 1298 1136 1352; x_wconf 90' lang='grc'><strong>21</strong></span> 
     </span>
     <span class='ocr_line' id='line_1_14' title="bbox 98 1369 1095 1447; baseline 0.002 -20"><span class='ocrx_word' id='word_1_120' title='bbox 98 1369 183 1428; x_wconf 89' lang='lat' dir='ltr'><strong>tionis</strong></span> <span class='ocrx_word' id='word_1_121' title='bbox 208 1369 338 1447; x_wconf 89' lang='lat' dir='ltr'><strong>optinent</strong></span> <span class='ocrx_word' id='word_1_122' title='bbox 363 1377 392 1428; x_wconf 91' lang='lat' dir='ltr'><strong>et</strong></span> <span class='ocrx_word' id='word_1_123' title='bbox 412 1371 501 1429; x_wconf 90' lang='lat' dir='ltr'><strong>venti.</strong></span> <span class='ocrx_word' id='word_1_124' title='bbox 534 1372 562 1429; x_wconf 94' lang='lat' dir='ltr'><strong>in</strong></span> <span class='ocrx_word' id='word_1_125' title='bbox 577 1370 759 1429; x_wconf 90' lang='lat' dir='ltr'><strong>Narbonensi</strong></span> <span class='ocrx_word' id='word_1_126' title='bbox 781 1371 929 1447; x_wconf 84' lang='lat' dir='ltr'><strong>prouincia</strong></span> <span class='ocrx_word' id='word_1_127' title='bbox 951 1379 1037 1447; x_wconf 89' lang='lat' dir='ltr'><strong>atque</strong></span> <span class='ocrx_word' id='word_1_128' title='bbox 1051 1369 1095 1429; x_wconf 84' lang='lat' dir='ltr'><strong>ld·</strong></span> 
     </span>
     <span class='ocr_line' id='line_1_15' title="bbox 80 1450 1095 1531; baseline 0.002 -21"><span class='ocrx_word' id='word_1_129' title='bbox 80 1453 180 1527; x_wconf 86' lang='lat' dir='ltr'><strong>·guria</strong></span> <span class='ocrx_word' id='word_1_130' title='bbox 196 1460 225 1511; x_wconf 92' lang='lat' dir='ltr'><strong>et</strong></span> <span class='ocrx_word' id='word_1_131' title='bbox 241 1460 324 1531; x_wconf 90' lang='lat' dir='ltr'><strong>parte</strong></span> <span class='ocrx_word' id='word_1_132' title='bbox 336 1450 469 1511; x_wconf 85' lang='lat' dir='ltr'><strong>Etruriae</strong></span> <span class='ocrx_word' id='word_1_133' title='bbox 484 1462 584 1513; x_wconf 89' lang='lat' dir='ltr'><strong>contra</strong></span> <span class='ocrx_word' id='word_1_134' title='bbox 600 1454 717 1512; x_wconf 91' lang='lat' dir='ltr'><strong>circium</strong></span> <span class='ocrx_word' id='word_1_135' title='bbox 733 1470 834 1511; x_wconf 86' lang='lat' dir='ltr'><strong>serere</strong></span> <span class='ocrx_word' id='word_1_136' title='bbox 849 1455 980 1531; x_wconf 88' lang='lat' dir='ltr'><strong>inperitia</strong></span> <span class='ocrx_word' id='word_1_137' title='bbox 997 1456 1095 1512; x_wconf 89' lang='lat' dir='ltr'><strong>existi-</strong></span> 
     </span>
     <span class='ocr_line' id='line_1_16' title="bbox 63 1534 1095 1614; baseline 0.006 -25"><span class='ocrx_word' id='word_1_138' title='bbox 63 1550 89 1590; x_wconf 82' lang='lat' dir='ltr'><strong>rs</strong></span> <span class='ocrx_word' id='word_1_139' title='bbox 99 1543 200 1609; x_wconf 93' lang='lat' dir='ltr'><strong>matur,</strong></span> <span class='ocrx_word' id='word_1_140' title='bbox 218 1534 400 1612; x_wconf 89' lang='lat' dir='ltr'><strong>eundemque</strong></span> <span class='ocrx_word' id='word_1_141' title='bbox 416 1534 539 1594; x_wconf 78' lang='lat' dir='ltr'><strong>oblicum</strong></span> <span class='ocrx_word' id='word_1_142' title='bbox 559 1538 696 1612; x_wconf 88' lang='lat' dir='ltr'><strong>accipere</strong></span> <span class='ocrx_word' id='word_1_143' title='bbox 714 1535 906 1612; x_wconf 88' lang='lat' dir='ltr'><strong>providentia.</strong></span> <span class='ocrx_word' id='word_1_144' title='bbox 936 1538 959 1594; x_wconf 90' lang='lat' dir='ltr'><strong>is</strong></span> <span class='ocrx_word' id='word_1_145' title='bbox 975 1554 1095 1614; x_wconf 91' lang='lat' dir='ltr'><strong>namque</strong></span> 
     </span>
     <span class='ocr_line' id='line_1_17' title="bbox 12 1616 1095 1696; baseline 0 -19"><span class='ocrx_word' id='word_1_146' title='bbox 12 1663 14 1667; x_wconf 47' lang='grc'>,</span> <span class='ocrx_word' id='word_1_147' title='bbox 97 1626 225 1677; x_wconf 86' lang='lat' dir='ltr'><strong>aestates</strong></span> <span class='ocrx_word' id='word_1_148' title='bbox 240 1616 279 1675; x_wconf 93' lang='lat' dir='ltr'><strong>ibi</strong></span> <span class='ocrx_word' id='word_1_149' title='bbox 300 1626 452 1694; x_wconf 90' lang='lat' dir='ltr'><strong>temperat,</strong></span> <span class='ocrx_word' id='word_1_150' title='bbox 469 1618 522 1678; x_wconf 90' lang='lat' dir='ltr'><strong>sed</strong></span> <span class='ocrx_word' id='word_1_151' title='bbox 538 1628 615 1678; x_wconf 89' lang='lat' dir='ltr'><strong>tanta</strong></span> <span class='ocrx_word' id='word_1_152' title='bbox 631 1618 802 1696; x_wconf 90' lang='lat' dir='ltr'><strong>plerumque</strong></span> <span class='ocrx_word' id='word_1_153' title='bbox 817 1619 955 1678; x_wconf 91' lang='lat' dir='ltr'><strong>violentia</strong></span> <span class='ocrx_word' id='word_1_154' title='bbox 971 1629 1000 1678; x_wconf 93' lang='lat' dir='ltr'><strong>ut</strong></span> <span class='ocrx_word' id='word_1_155' title='bbox 1015 1619 1067 1678; x_wconf 89' lang='lat' dir='ltr'><strong>auf</strong></span> <span class='ocrx_word' id='word_1_156' title='bbox 1083 1651 1095 1662; x_wconf 91' lang='lat'><strong>·</strong></span> 
     </span>
     <span class='ocr_line' id='line_1_18' title="bbox 96 1700 1138 1780; baseline 0.007 -21"><span class='ocrx_word' id='word_1_157' title='bbox 96 1709 141 1759; x_wconf 91' lang='lat' dir='ltr'><strong>rat</strong></span> <span class='ocrx_word' id='word_1_158' title='bbox 157 1708 244 1760; x_wconf 89' lang='lat' dir='ltr'><strong>tecta.</strong></span> <span class='ocrx_word' id='word_1_159' title='bbox 276 1701 303 1762; x_wconf 89' lang='grc'><strong>3.</strong></span> <span class='ocrx_word' id='word_1_160' title='bbox 322 1700 441 1773; x_wconf 81' lang='lat' dir='ltr'><strong>Quidam</strong></span> <span class='ocrx_word' id='word_1_161' title='bbox 459 1703 570 1762; x_wconf 92' lang='lat' dir='ltr'><strong>caelum</strong></span> <span class='ocrx_word' id='word_1_162' title='bbox 585 1711 681 1762; x_wconf 90' lang='lat' dir='ltr'><strong>terrae</strong></span> <span class='ocrx_word' id='word_1_163' title='bbox 698 1719 803 1780; x_wconf 91' lang='lat' dir='ltr'><strong>parere</strong></span> <span class='ocrx_word' id='word_1_164' title='bbox 820 1710 942 1778; x_wconf 85' lang='lat' dir='ltr'><strong>cogunt,</strong></span> <span class='ocrx_word' id='word_1_165' title='bbox 965 1711 995 1760; x_wconf 91' lang='lat' dir='ltr'><strong>ut</strong></span> <span class='ocrx_word' id='word_1_166' title='bbox 1018 1720 1091 1779; x_wconf 89' lang='lat' dir='ltr'><strong>quae</strong></span> <span class='ocrx_word' id='word_1_167' title='bbox 1102 1713 1138 1766; x_wconf 93' lang='grc'><strong>22</strong></span> 
     </span>
     <span class='ocr_line' id='line_1_19' title="bbox 96 1785 1095 1864; baseline 0.002 -20"><span class='ocrx_word' id='word_1_168' title='bbox 96 1786 124 1844; x_wconf 90' lang='lat' dir='ltr'><strong>in</strong></span> <span class='ocrx_word' id='word_1_169' title='bbox 138 1785 224 1844; x_wconf 92' lang='lat' dir='ltr'><strong>siccis</strong></span> <span class='ocrx_word' id='word_1_170' title='bbox 238 1793 371 1843; x_wconf 88' lang='lat' dir='ltr'><strong>serantur</strong></span> <span class='ocrx_word' id='word_1_171' title='bbox 385 1787 526 1845; x_wconf 91' lang='lat' dir='ltr'><strong>orientem</strong></span> <span class='ocrx_word' id='word_1_172' title='bbox 538 1804 573 1845; x_wconf 89' lang='lat' dir='ltr'><strong>ac</strong></span> <span class='ocrx_word' id='word_1_173' title='bbox 586 1787 802 1863; x_wconf 88' lang='lat' dir='ltr'><strong>septentriones</strong></span> <span class='ocrx_word' id='word_1_174' title='bbox 813 1794 959 1863; x_wconf 78' lang='lat' dir='ltr'><strong>spectent,</strong></span> <span class='ocrx_word' id='word_1_175' title='bbox 976 1804 1050 1864; x_wconf 87' lang='lat' dir='ltr'><strong>quae</strong></span> <span class='ocrx_word' id='word_1_176' title='bbox 1066 1788 1095 1846; x_wconf 92' lang='lat' dir='ltr'><strong>in</strong></span> 
     </span>
     <span class='ocr_line' id='line_1_20' title="bbox 95 1869 1094 1949; baseline 0.001 -21"><span class='ocrx_word' id='word_1_177' title='bbox 95 1869 198 1928; x_wconf 90' lang='lat' dir='ltr'><strong>umidis</strong></span> <span class='ocrx_word' id='word_1_178' title='bbox 209 1869 368 1929; x_wconf 90' lang='lat' dir='ltr'><strong>meridiem.</strong></span> <span class='ocrx_word' id='word_1_179' title='bbox 396 1887 519 1930; x_wconf 90' lang='lat' dir='ltr'><strong>necnon</strong></span> <span class='ocrx_word' id='word_1_180' title='bbox 534 1889 570 1929; x_wconf 90' lang='lat' dir='ltr'><strong>ex</strong></span> <span class='ocrx_word' id='word_1_181' title='bbox 580 1871 652 1949; x_wconf 93' lang='lat' dir='ltr'><strong>ipsis</strong></span> <span class='ocrx_word' id='word_1_182' title='bbox 662 1870 767 1929; x_wconf 91' lang='lat' dir='ltr'><strong>vitibus</strong></span> <span class='ocrx_word' id='word_1_183' title='bbox 777 1886 880 1928; x_wconf 91' lang='lat' dir='ltr'><strong>causas</strong></span> <span class='ocrx_word' id='word_1_184' title='bbox 894 1878 1055 1928; x_wconf 86' lang='lat' dir='ltr'><strong>mutuantur</strong></span> <span class='ocrx_word' id='word_1_185' title='bbox 1066 1873 1094 1929; x_wconf 91' lang='lat' dir='ltr'><strong>in</strong></span> 
     </span>
     <span class='ocr_line' id='line_1_21' title="bbox 60 1953 1093 2030; baseline 0.004 -22"><span class='ocrx_word' id='word_1_186' title='bbox 60 1953 379 2030; x_wconf 79' lang='lat' dir='ltr'><strong>aufrigidispraeoocis</strong></span> <span class='ocrx_word' id='word_1_187' title='bbox 395 1953 536 2030; x_wconf 92' lang='lat' dir='ltr'><strong>serendo,</strong></span> <span class='ocrx_word' id='word_1_188' title='bbox 559 1963 590 2013; x_wconf 93' lang='lat' dir='ltr'><strong>ut</strong></span> <span class='ocrx_word' id='word_1_189' title='bbox 610 1955 757 2014; x_wconf 88' lang='lat' dir='ltr'><strong>maturitas</strong></span> <span class='ocrx_word' id='word_1_190' title='bbox 779 1953 933 2013; x_wconf 85' lang='lat' dir='ltr'><strong>antecedat</strong></span> <span class='ocrx_word' id='word_1_191' title='bbox 952 1953 1093 2029; x_wconf 86' lang='lat' dir='ltr'><strong>algorem,</strong></span> 
     </span>
     <span class='ocr_line' id='line_1_22' title="bbox 96 2037 1094 2115; baseline 0 -20"><span class='ocrx_word' id='word_1_192' title='bbox 96 2055 171 2115; x_wconf 91' lang='lat' dir='ltr'><strong>quae</strong></span> <span class='ocrx_word' id='word_1_193' title='bbox 187 2053 273 2114; x_wconf 92' lang='lat' dir='ltr'><strong>poma</strong></span> <span class='ocrx_word' id='word_1_194' title='bbox 289 2037 422 2114; x_wconf 89' lang='lat' dir='ltr'><strong>vitesque</strong></span> <span class='ocrx_word' id='word_1_195' title='bbox 444 2055 539 2097; x_wconf 89' lang='lat' dir='ltr'><strong>rorem</strong></span> <span class='ocrx_word' id='word_1_196' title='bbox 557 2038 684 2112; x_wconf 91' lang='lat' dir='ltr'><strong>oderint,</strong></span> <span class='ocrx_word' id='word_1_197' title='bbox 713 2045 815 2097; x_wconf 91' lang='lat' dir='ltr'><strong>contra</strong></span> <span class='ocrx_word' id='word_1_198' title='bbox 831 2045 927 2113; x_wconf 93' lang='lat' dir='ltr'><strong>ortus,</strong></span> <span class='ocrx_word' id='word_1_199' title='bbox 953 2039 1094 2096; x_wconf 88' lang='lat' dir='ltr'><strong>utstatim</strong></span> 
     </span>
     <span class='ocr_line' id='line_1_23' title="bbox 96 2120 1091 2198; baseline 0.001 -19"><span class='ocrx_word' id='word_1_200' title='bbox 96 2121 208 2179; x_wconf 91' lang='lat' dir='ltr'><strong>auferat</strong></span> <span class='ocrx_word' id='word_1_201' title='bbox 224 2120 282 2195; x_wconf 89' lang='lat' dir='ltr'><strong>sol,</strong></span> <span class='ocrx_word' id='word_1_202' title='bbox 300 2137 373 2196; x_wconf 91' lang='lat' dir='ltr'><strong>quae</strong></span> <span class='ocrx_word' id='word_1_203' title='bbox 389 2129 494 2194; x_wconf 90' lang='lat' dir='ltr'><strong>ament,</strong></span> <span class='ocrx_word' id='word_1_204' title='bbox 510 2121 546 2179; x_wconf 88' lang='lat' dir='ltr'><strong>ad</strong></span> <span class='ocrx_word' id='word_1_205' title='bbox 564 2136 687 2179; x_wconf 91' lang='lat' dir='ltr'><strong>occasus</strong></span> <span class='ocrx_word' id='word_1_206' title='bbox 704 2121 753 2179; x_wconf 90' lang='lat' dir='ltr'><strong>vel</strong></span> <span class='ocrx_word' id='word_1_207' title='bbox 770 2121 853 2179; x_wconf 91' lang='lat' dir='ltr'><strong>etiam</strong></span> <span class='ocrx_word' id='word_1_208' title='bbox 868 2120 903 2180; x_wconf 92' lang='lat' dir='ltr'><strong>ad</strong></span> <span class='ocrx_word' id='word_1_209' title='bbox 919 2122 1091 2198; x_wconf 90' lang='lat' dir='ltr'><strong>septentrio-</strong></span> 
     </span>
     <span class='ocr_line' id='line_1_24' title="bbox 94 2200 1135 2276; baseline 0.005 -14"><span class='ocrx_word' id='word_1_210' title='bbox 94 2221 159 2276; x_wconf 86' lang='lat' dir='ltr'><strong>nes,</strong></span> <span class='ocrx_word' id='word_1_211' title='bbox 175 2211 205 2262; x_wconf 91' lang='lat' dir='ltr'><strong>ut</strong></span> <span class='ocrx_word' id='word_1_212' title='bbox 220 2202 322 2261; x_wconf 89' lang='lat' dir='ltr'><strong>diutius</strong></span> <span class='ocrx_word' id='word_1_213' title='bbox 341 2218 377 2261; x_wconf 93' lang='lat' dir='ltr'><strong>eo</strong></span> <span class='ocrx_word' id='word_1_214' title='bbox 392 2201 529 2262; x_wconf 87' lang='lat' dir='ltr'><strong>fruantur.</strong></span> <span class='ocrx_word' id='word_1_215' title='bbox 561 2200 658 2261; x_wconf 83' lang='lat' dir='ltr'><strong>Ceteri</strong></span> <span class='ocrx_word' id='word_1_216' title='bbox 675 2203 739 2262; x_wconf 90' lang='lat' dir='ltr'><strong>fere</strong></span> <span class='ocrx_word' id='word_1_217' title='bbox 756 2205 896 2262; x_wconf 90' lang='lat' dir='ltr'><strong>rationem</strong></span> <span class='ocrx_word' id='word_1_218' title='bbox 910 2213 1028 2263; x_wconf 90' lang='lat' dir='ltr'><strong>naturae</strong></span> <span class='ocrx_word' id='word_1_219' title='bbox 1044 2223 1090 2264; x_wconf 92' lang='lat' dir='ltr'><strong>se·</strong></span> <span class='ocrx_word' id='word_1_220' title='bbox 1101 2217 1135 2269; x_wconf 88' lang='grc'><strong>23</strong></span> 
     </span>
     <span class='ocr_line' id='line_1_25' title="bbox 97 2285 1089 2364; baseline 0.002 -20"><span class='ocrx_word' id='word_1_221' title='bbox 97 2287 153 2345; x_wconf 91' lang='lat' dir='ltr'><strong>cuti</strong></span> <span class='ocrx_word' id='word_1_222' title='bbox 174 2287 202 2344; x_wconf 92' lang='lat' dir='ltr'><strong>in</strong></span> <span class='ocrx_word' id='word_1_223' title='bbox 224 2285 388 2364; x_wconf 87' lang='lat' dir='ltr'><strong>aquilonem</strong></span> <span class='ocrx_word' id='word_1_224' title='bbox 412 2285 553 2345; x_wconf 87' lang='lat' dir='ltr'><strong>obversas</strong></span> <span class='ocrx_word' id='word_1_225' title='bbox 576 2285 642 2343; x_wconf 85' lang='lat' dir='ltr'><strong>ritis</strong></span> <span class='ocrx_word' id='word_1_226' title='bbox 673 2294 702 2343; x_wconf 91' lang='lat' dir='ltr'><strong>et</strong></span> <span class='ocrx_word' id='word_1_227' title='bbox 725 2285 847 2345; x_wconf 90' lang='lat' dir='ltr'><strong>arbores</strong></span> <span class='ocrx_word' id='word_1_228' title='bbox 869 2286 937 2363; x_wconf 93' lang='lat' dir='ltr'><strong>poni</strong></span> <span class='ocrx_word' id='word_1_229' title='bbox 960 2304 1089 2346; x_wconf 88' lang='lat' dir='ltr'><strong>suasere.</strong></span> 
     </span>
     <span class='ocr_line' id='line_1_26' title="bbox 58 2367 1088 2446; baseline -0.001 -17"><span class='ocrx_word' id='word_1_230' title='bbox 58 2369 293 2429; x_wconf 77' lang='lat' dir='ltr'><strong>acodoratiorem</strong></span> <span class='ocrx_word' id='word_1_231' title='bbox 319 2371 404 2429; x_wconf 91' lang='lat' dir='ltr'><strong>etiam</strong></span> <span class='ocrx_word' id='word_1_232' title='bbox 434 2369 496 2429; x_wconf 89' lang='lat' dir='ltr'><strong>fieri</strong></span> <span class='ocrx_word' id='word_1_233' title='bbox 524 2369 611 2428; x_wconf 92' lang='lat' dir='ltr'><strong>talem</strong></span> <span class='ocrx_word' id='word_1_234' title='bbox 637 2367 759 2428; x_wconf 89' lang='lat' dir='ltr'><strong>fructum</strong></span> <span class='ocrx_word' id='word_1_235' title='bbox 785 2367 969 2427; x_wconf 87' lang='lat' dir='ltr'><strong>Democritus</strong></span> <span class='ocrx_word' id='word_1_236' title='bbox 1001 2378 1088 2446; x_wconf 91' lang='lat' dir='ltr'><strong>putat.</strong></span> 
     </span>
     <span class='ocr_line' id='line_1_27' title="bbox 93 2451 1134 2532; baseline -0.007 -20"><span class='ocrx_word' id='word_1_237' title='bbox 93 2454 123 2512; x_wconf 83' lang='lat'><strong>4.</strong></span> <span class='ocrx_word' id='word_1_238' title='bbox 141 2452 293 2532; x_wconf 79' lang='lat' dir='ltr'><strong>Aquilonis</strong></span> <span class='ocrx_word' id='word_1_239' title='bbox 322 2456 404 2514; x_wconf 91' lang='lat' dir='ltr'><strong>situm</strong></span> <span class='ocrx_word' id='word_1_240' title='bbox 430 2463 639 2530; x_wconf 88' lang='lat' dir='ltr'><strong>ventorumque</strong></span> <span class='ocrx_word' id='word_1_241' title='bbox 665 2453 842 2531; x_wconf 90' lang='lat' dir='ltr'><strong>reliquorum</strong></span> <span class='ocrx_word' id='word_1_242' title='bbox 872 2451 992 2511; x_wconf 86' lang='lat' dir='ltr'><strong>diximus</strong></span> <span class='ocrx_word' id='word_1_243' title='bbox 1014 2470 1088 2511; x_wconf 71' lang='lat' dir='ltr'><strong>scs.</strong></span> <span class='ocrx_word' id='word_1_244' title='bbox 1102 2471 1134 2506; x_wconf 73' lang='lat' dir='ltr'><strong>ns</strong></span> 
     </span>
     <span class='ocr_line' id='line_1_28' title="bbox 95 2533 1125 2621; baseline -0.002 -24"><span class='ocrx_word' id='word_1_245' title='bbox 95 2537 188 2597; x_wconf 92' lang='lat' dir='ltr'><strong>cundo</strong></span> <span class='ocrx_word' id='word_1_246' title='bbox 214 2537 376 2612; x_wconf 87' lang='lat' dir='ltr'><strong>volumine,</strong></span> <span class='ocrx_word' id='word_1_247' title='bbox 411 2538 599 2614; x_wconf 92' lang='lat' dir='ltr'><strong>dicemusque</strong></span> <span class='ocrx_word' id='word_1_248' title='bbox 616 2552 758 2614; x_wconf 91' lang='lat' dir='ltr'><strong>proxumo</strong></span> <span class='ocrx_word' id='word_1_249' title='bbox 784 2535 866 2613; x_wconf 89' lang='lat' dir='ltr'><strong>plura</strong></span> <span class='ocrx_word' id='word_1_250' title='bbox 884 2536 1032 2595; x_wconf 90' lang='lat' dir='ltr'><strong>caelestia.</strong></span> <span class='ocrx_word' id='word_1_251' title='bbox 1045 2533 1125 2621; x_wconf 55' lang='lat' dir='ltr'><strong>„qu</strong></span> 
     </span>
     <span class='ocr_line' id='line_1_29' title="bbox 93 2619 1091 2697; baseline -0.002 -18"><span class='ocrx_word' id='word_1_252' title='bbox 93 2620 205 2679; x_wconf 89' lang='lat' dir='ltr'><strong>interim</strong></span> <span class='ocrx_word' id='word_1_253' title='bbox 220 2621 400 2680; x_wconf 86' lang='lat' dir='ltr'><strong>manifestum</strong></span> <span class='ocrx_word' id='word_1_254' title='bbox 413 2621 526 2680; x_wconf 87' lang='lat' dir='ltr'><strong>videtur</strong></span> <span class='ocrx_word' id='word_1_255' title='bbox 541 2619 716 2680; x_wconf 87' lang='lat' dir='ltr'><strong>salubritatis</strong></span> <span class='ocrx_word' id='word_1_256' title='bbox 732 2628 939 2697; x_wconf 81' lang='lat' dir='ltr'><strong>argumentum,</strong></span> <span class='ocrx_word' id='word_1_257' title='bbox 958 2621 1091 2697; x_wconf 93' lang='lat' dir='ltr'><strong>quoniam</strong></span> 
     </span>
     <span class='ocr_line' id='line_1_30' title="bbox 95 2703 1088 2782; baseline -0.002 -20"><span class='ocrx_word' id='word_1_258' title='bbox 95 2705 123 2762; x_wconf 93' lang='lat' dir='ltr'><strong>in</strong></span> <span class='ocrx_word' id='word_1_259' title='bbox 143 2703 290 2762; x_wconf 87' lang='lat' dir='ltr'><strong>meridiem</strong></span> <span class='ocrx_word' id='word_1_260' title='bbox 312 2703 396 2763; x_wconf 91' lang='lat' dir='ltr'><strong>etiam</strong></span> <span class='ocrx_word' id='word_1_261' title='bbox 413 2706 602 2782; x_wconf 88' lang='lat' dir='ltr'><strong>spectantium</strong></span> <span class='ocrx_word' id='word_1_262' title='bbox 626 2720 743 2781; x_wconf 90' lang='lat' dir='ltr'><strong>semper</strong></span> <span class='ocrx_word' id='word_1_263' title='bbox 768 2711 833 2762; x_wconf 91' lang='lat' dir='ltr'><strong>aute</strong></span> <span class='ocrx_word' id='word_1_264' title='bbox 851 2703 984 2762; x_wconf 90' lang='lat' dir='ltr'><strong>decidant</strong></span> <span class='ocrx_word' id='word_1_265' title='bbox 1010 2704 1088 2762; x_wconf 90' lang='lat' dir='ltr'><strong>folia.</strong></span> 
     </span>
     <span class='ocr_line' id='line_1_31' title="bbox 59 2784 1133 2864; baseline 0.001 -16"><span class='ocrx_word' id='word_1_266' title='bbox 59 2807 86 2848; x_wconf 81' lang='lat' dir='ltr'><strong>so</strong></span> <span class='ocrx_word' id='word_1_267' title='bbox 97 2785 204 2846; x_wconf 88' lang='lat' dir='ltr'><strong>Similis</strong></span> <span class='ocrx_word' id='word_1_268' title='bbox 220 2795 249 2845; x_wconf 89' lang='lat' dir='ltr'><strong>et</strong></span> <span class='ocrx_word' id='word_1_269' title='bbox 262 2787 290 2844; x_wconf 92' lang='lat' dir='ltr'><strong>in</strong></span> <span class='ocrx_word' id='word_1_270' title='bbox 305 2787 452 2847; x_wconf 89' lang='lat' dir='ltr'><strong>maritimis</strong></span> <span class='ocrx_word' id='word_1_271' title='bbox 468 2804 564 2847; x_wconf 89' lang='lat' dir='ltr'><strong>causa.</strong></span> <span class='ocrx_word' id='word_1_272' title='bbox 591 2784 761 2864; x_wconf 88' lang='lat' dir='ltr'><strong>quibusdam</strong></span> <span class='ocrx_word' id='word_1_273' title='bbox 775 2787 849 2847; x_wconf 92' lang='lat' dir='ltr'><strong>locis</strong></span> <span class='ocrx_word' id='word_1_274' title='bbox 863 2786 986 2847; x_wconf 89' lang='lat' dir='ltr'><strong>adflatus</strong></span> <span class='ocrx_word' id='word_1_275' title='bbox 1001 2788 1086 2846; x_wconf 89' lang='lat' dir='ltr'><strong>maris</strong></span> <span class='ocrx_word' id='word_1_276' title='bbox 1099 2797 1133 2848; x_wconf 81' lang='grc'><strong>24</strong></span> 
     </span>
     <span class='ocr_line' id='line_1_32' title="bbox 94 2869 1088 2948; baseline 0.001 -21"><span class='ocrx_word' id='word_1_277' title='bbox 94 2870 190 2944; x_wconf 91' lang='lat' dir='ltr'><strong>noxii,</strong></span> <span class='ocrx_word' id='word_1_278' title='bbox 205 2870 234 2928; x_wconf 91' lang='lat' dir='ltr'><strong>in</strong></span> <span class='ocrx_word' id='word_1_279' title='bbox 251 2870 389 2948; x_wconf 90' lang='lat' dir='ltr'><strong>plurumis</strong></span> <span class='ocrx_word' id='word_1_280' title='bbox 404 2870 490 2930; x_wconf 92' lang='lat' dir='ltr'><strong>iidem</strong></span> <span class='ocrx_word' id='word_1_281' title='bbox 506 2871 592 2930; x_wconf 92' lang='lat' dir='ltr'><strong>alunt.</strong></span> <span class='ocrx_word' id='word_1_282' title='bbox 625 2870 795 2948; x_wconf 92' lang='lat' dir='ltr'><strong>quibusdam</strong></span> <span class='ocrx_word' id='word_1_283' title='bbox 811 2871 881 2930; x_wconf 87' lang='lat' dir='ltr'><strong>satis</strong></span> <span class='ocrx_word' id='word_1_284' title='bbox 901 2888 917 2929; x_wconf 93' lang='lat' dir='ltr'><strong>e</strong></span> <span class='ocrx_word' id='word_1_285' title='bbox 932 2869 1088 2948; x_wconf 88' lang='lat' dir='ltr'><strong>longinquo</strong></span> 
     </span>
     <span class='ocr_line' id='line_1_33' title="bbox 94 2952 1088 3032; baseline -0.001 -21"><span class='ocrx_word' id='word_1_286' title='bbox 94 2953 247 3030; x_wconf 91' lang='lat' dir='ltr'><strong>adspicere</strong></span> <span class='ocrx_word' id='word_1_287' title='bbox 255 2953 342 3011; x_wconf 91' lang='lat' dir='ltr'><strong>maria</strong></span> <span class='ocrx_word' id='word_1_288' title='bbox 354 2954 516 3029; x_wconf 92' lang='lat' dir='ltr'><strong>iucundum,</strong></span> <span class='ocrx_word' id='word_1_289' title='bbox 529 2954 648 3032; x_wconf 86' lang='lat' dir='ltr'><strong>propius</strong></span> <span class='ocrx_word' id='word_1_290' title='bbox 660 2954 807 3014; x_wconf 86' lang='lat' dir='ltr'><strong>admoveri</strong></span> <span class='ocrx_word' id='word_1_291' title='bbox 820 2954 889 3014; x_wconf 90' lang='lat' dir='ltr'><strong>salis</strong></span> <span class='ocrx_word' id='word_1_292' title='bbox 900 2952 1016 3013; x_wconf 88' lang='lat' dir='ltr'><strong>halitum</strong></span> <span class='ocrx_word' id='word_1_293' title='bbox 1029 2956 1088 3012; x_wconf 91' lang='lat' dir='ltr'><strong>inu·</strong></span> 
     </span>
     <span class='ocr_line' id='line_1_34' title="bbox 93 3034 1089 3115; baseline 0.002 -21"><span class='ocrx_word' id='word_1_294' title='bbox 93 3036 154 3095; x_wconf 89' lang='lat' dir='ltr'><strong>tile.</strong></span> <span class='ocrx_word' id='word_1_295' title='bbox 185 3034 292 3095; x_wconf 87' lang='lat' dir='ltr'><strong>Similis</strong></span> <span class='ocrx_word' id='word_1_296' title='bbox 305 3045 333 3095; x_wconf 90' lang='lat' dir='ltr'><strong>et</strong></span> <span class='ocrx_word' id='word_1_297' title='bbox 344 3035 486 3095; x_wconf 89' lang='lat' dir='ltr'><strong>fluminum</strong></span> <span class='ocrx_word' id='word_1_298' title='bbox 498 3045 722 3115; x_wconf 82' lang='lat' dir='ltr'><strong>stagnorumque</strong></span> <span class='ocrx_word' id='word_1_299' title='bbox 738 3039 822 3096; x_wconf 90' lang='lat' dir='ltr'><strong>ratio.</strong></span> <span class='ocrx_word' id='word_1_300' title='bbox 844 3037 956 3097; x_wconf 91' lang='lat' dir='ltr'><strong>nebulis</strong></span> <span class='ocrx_word' id='word_1_301' title='bbox 969 3038 1089 3097; x_wconf 91' lang='lat' dir='ltr'><strong>adurunt</strong></span> 
     </span>
     <span class='ocr_line' id='line_1_35' title="bbox 94 3119 1087 3198; baseline 0 -20"><span class='ocrx_word' id='word_1_302' title='bbox 94 3127 140 3178; x_wconf 91' lang='lat' dir='ltr'><strong>aut</strong></span> <span class='ocrx_word' id='word_1_303' title='bbox 152 3119 310 3178; x_wconf 90' lang='lat' dir='ltr'><strong>aestuantia</strong></span> <span class='ocrx_word' id='word_1_304' title='bbox 324 3119 508 3196; x_wconf 83' lang='lat' dir='ltr'><strong>refrigerant.</strong></span> <span class='ocrx_word' id='word_1_305' title='bbox 538 3119 688 3198; x_wconf 89' lang='lat' dir='ltr'><strong>Opacitate</strong></span> <span class='ocrx_word' id='word_1_306' title='bbox 705 3129 792 3198; x_wconf 91' lang='lat' dir='ltr'><strong>atque</strong></span> <span class='ocrx_word' id='word_1_307' title='bbox 809 3122 892 3180; x_wconf 91' lang='lat' dir='ltr'><strong>etiam</strong></span> <span class='ocrx_word' id='word_1_308' title='bbox 908 3121 1005 3197; x_wconf 90' lang='lat' dir='ltr'><strong>rigore</strong></span> <span class='ocrx_word' id='word_1_309' title='bbox 1019 3138 1087 3197; x_wconf 88' lang='lat' dir='ltr'><strong>gau-</strong></span> 
     </span>
     <span class='ocr_line' id='line_1_36' title="bbox 55 3202 1130 3281; baseline 0 -19"><span class='ocrx_word' id='word_1_310' title='bbox 55 3221 82 3262; x_wconf 76' lang='lat' dir='ltr'><strong>cs</strong></span> <span class='ocrx_word' id='word_1_311' title='bbox 93 3202 163 3262; x_wconf 92' lang='lat' dir='ltr'><strong>dent</strong></span> <span class='ocrx_word' id='word_1_312' title='bbox 177 3220 252 3280; x_wconf 91' lang='lat' dir='ltr'><strong>quae</strong></span> <span class='ocrx_word' id='word_1_313' title='bbox 270 3203 400 3262; x_wconf 87' lang='lat' dir='ltr'><strong>diximus.</strong></span> <span class='ocrx_word' id='word_1_314' title='bbox 430 3220 518 3279; x_wconf 88' lang='lat' dir='ltr'><strong>quare</strong></span> <span class='ocrx_word' id='word_1_315' title='bbox 534 3205 740 3281; x_wconf 84' lang='lat' dir='ltr'><strong>experimentis</strong></span> <span class='ocrx_word' id='word_1_316' title='bbox 757 3212 872 3281; x_wconf 89' lang='lat' dir='ltr'><strong>optume</strong></span> <span class='ocrx_word' id='word_1_317' title='bbox 890 3202 1025 3262; x_wconf 90' lang='lat' dir='ltr'><strong>creditur.</strong></span> <span class='ocrx_word' id='word_1_318' title='bbox 1071 3221 1098 3263; x_wconf 79' lang='lat'><strong>1⁶.</strong></span> <span class='ocrx_word' id='word_1_319' title='bbox 1107 3223 1130 3256; x_wconf 75' lang='lat' dir='ltr'><strong>rs</strong></span> 
     </span>
     <span class='ocr_line' id='line_1_37' title="bbox 152 3286 1130 3365; baseline 0.002 -18"><span class='ocrx_word' id='word_1_320' title='bbox 152 3286 216 3365; x_wconf 88' lang='grc'><strong>(3.)</strong></span> <span class='ocrx_word' id='word_1_321' title='bbox 238 3286 264 3345; x_wconf 84' lang='grc' dir='ltr'>Α</span> <span class='ocrx_word' id='word_1_322' title='bbox 281 3287 365 3346; x_wconf 88' lang='lat' dir='ltr'><strong>caelo</strong></span> <span class='ocrx_word' id='word_1_323' title='bbox 378 3303 547 3364; x_wconf 88' lang='lat' dir='ltr'><strong>proxumum</strong></span> <span class='ocrx_word' id='word_1_324' title='bbox 561 3295 606 3346; x_wconf 89' lang='lat' dir='ltr'><strong>est</strong></span> <span class='ocrx_word' id='word_1_325' title='bbox 617 3295 714 3346; x_wconf 87' lang='lat' dir='ltr'><strong>terrae</strong></span> <span class='ocrx_word' id='word_1_326' title='bbox 727 3287 835 3347; x_wconf 86' lang='lat' dir='ltr'><strong>dixisse</strong></span> <span class='ocrx_word' id='word_1_327' title='bbox 850 3287 1001 3361; x_wconf 89' lang='lat' dir='ltr'><strong>rationem,</strong></span> <span class='ocrx_word' id='word_1_328' title='bbox 1018 3287 1085 3345; x_wconf 90' lang='lat' dir='ltr'><strong>baut</strong></span> <span class='ocrx_word' id='word_1_329' title='bbox 1095 3298 1130 3349; x_wconf 81' lang='grc'><strong>25</strong></span> 
     </span>
     <span class='ocr_line' id='line_1_38' title="bbox 90 3368 1088 3448; baseline -0.002 -20"><span class='ocrx_word' id='word_1_330' title='bbox 90 3368 224 3428; x_wconf 87' lang='lat' dir='ltr'><strong>faciliore</strong></span> <span class='ocrx_word' id='word_1_331' title='bbox 245 3378 383 3445; x_wconf 91' lang='lat' dir='ltr'><strong>tractatu,</strong></span> <span class='ocrx_word' id='word_1_332' title='bbox 409 3371 517 3448; x_wconf 94' lang='lat' dir='ltr'><strong>quippe</strong></span> <span class='ocrx_word' id='word_1_333' title='bbox 534 3386 591 3429; x_wconf 91' lang='lat' dir='ltr'><strong>non</strong></span> <span class='ocrx_word' id='word_1_334' title='bbox 607 3370 708 3430; x_wconf 89' lang='lat' dir='ltr'><strong>cadem</strong></span> <span class='ocrx_word' id='word_1_335' title='bbox 731 3369 882 3429; x_wconf 90' lang='lat' dir='ltr'><strong>arboribus</strong></span> <span class='ocrx_word' id='word_1_336' title='bbox 906 3370 1042 3428; x_wconf 90' lang='lat' dir='ltr'><strong>convenit</strong></span> <span class='ocrx_word' id='word_1_337' title='bbox 1059 3379 1088 3426; x_wconf 88' lang='lat' dir='ltr'><strong>et</strong></span> 
     </span>
     <span class='ocr_line' id='line_1_39' title="bbox 91 3449 1117 3583; baseline 0.004 -73"><span class='ocrx_word' id='word_1_338' title='bbox 91 3450 221 3528; x_wconf 79' lang='lat' dir='ltr'><strong>frugibus</strong></span> <span class='ocrx_word' id='word_1_339' title='bbox 232 3452 414 3531; x_wconf 90' lang='lat' dir='ltr'><strong>plerumque,</strong></span> <span class='ocrx_word' id='word_1_340' title='bbox 428 3472 483 3514; x_wconf 88' lang='lat' dir='ltr'><strong>nec</strong></span> <span class='ocrx_word' id='word_1_341' title='bbox 496 3452 578 3534; x_wconf 88' lang='lat' dir='ltr'><strong>pulla</strong></span> <span class='ocrx_word' id='word_1_342' title='bbox 589 3453 708 3533; x_wconf 90' lang='lat' dir='ltr'><strong>qualem</strong></span> <span class='ocrx_word' id='word_1_343' title='bbox 714 3452 811 3513; x_wconf 82' lang='lat' dir='ltr'><strong>babet</strong></span> <span class='ocrx_word' id='word_1_344' title='bbox 817 3449 1117 3583; x_wconf 53' lang='lat' dir='ltr'><strong>Qamoaupsffiwass</strong></span> 
     </span>
     <span class='ocr_line' id='line_1_40' title="bbox 130 3542 438 3600; baseline 0.019 -9"><span class='ocrx_word' id='word_1_345' title='bbox 130 3554 199 3595; x_wconf 79' lang='lat' dir='ltr'><strong>nuru.</strong></span> <span class='ocrx_word' id='word_1_346' title='bbox 212 3555 274 3596; x_wconf 74' lang='lat' dir='ltr'><strong>nnn.</strong></span> <span class='ocrx_word' id='word_1_347' title='bbox 291 3555 361 3598; x_wconf 74' lang='lat' dir='ltr'><strong>ursa.</strong></span> <span class='ocrx_word' id='word_1_348' title='bbox 378 3542 438 3600; x_wconf 90' lang='lat' dir='ltr'><strong>lll.&#39;</strong></span> 
     </span>
    </p>
   </div>
   <div class='ocr_carea' id='block_1_3' title="bbox 0 0 1216 3840">
    <p class='ocr_par' dir='ltr' id='par_1_3' title="bbox 0 0 1216 3840">
     <span class='ocr_line' id='line_1_41' title="bbox 0 0 1216 3840; baseline 0 5"><span class='ocrx_word' id='word_1_349' title='bbox 0 0 1216 3840; x_wconf 95' lang='lat' dir='ltr'><strong> </strong></span> 
     </span>
    </p>
   </div>
  </div>
 </body>
</html>
