2422 3840
136 180 175 242 36
495 191 525 239 c.
549 191 817 240 eu1n1sucuun1

95 356 146 411 195
206 347 290 425 (76.)
307 346 347 423 [1]
358 344 464 405 baricis
478 355 507 405 et
518 347 609 421 magis
620 346 723 405 abietis
738 346 859 406 succisis
873 364 953 406 umor
964 345 1011 406 diu
1023 346 1136 408 delluit.

136 431 192 491 bae
208 432 331 488 omnium
343 427 477 488 arborum
491 429 647 489 altissimae
661 447 696 489 ac
711 430 900 489 rectissimae.
927 430 1040 490 navium
1051 430 1138 491 malis

137 513 335 591 antemnisque
355 522 476 591 propter
496 513 643 572 levitatem
663 513 826 591 praefertur
847 512 939 574 abies.
975 514 1138 575 communia

138 597 182 655 his
209 597 335 674 pinoque
360 605 389 655 ut
421 597 646 674 quadripertitos
674 613 810 655 venarum
837 614 937 656 cursus
969 596 1137 676 bifidosque

137 679 263 739 habeant
284 680 331 739 vel
353 682 467 739 omnino
488 679 638 757 simplicis.
672 678 818 738 fabrorum
840 680 869 738 in
889 681 1022 741 intestina
1043 697 1162 759 operas

138 764 264 824 medulla
282 764 403 823 sectilis.
433 773 549 842 optuma
565 762 781 840 quadripertitis
804 765 944 823 materies
967 773 996 824 et
1018 764 1138 824 mollior

96 856 147 911 196
160 865 243 924 quam
256 857 383 907 ceterae.
408 848 573 907 intellectus
588 848 616 905 in
626 848 735 905 cortice
745 848 874 924 protinus
887 848 997 925 peritis.
1020 846 1136 909 Abietis

96 949 213 1008 nequae
229 949 296 1009 pars
311 949 327 990 a
345 940 423 990 terra
439 931 491 990 luit
509 929 610 990 enodis
627 939 681 989 est.
711 929 785 989 baec
806 948 862 1008 qua
886 931 1008 990 diximus
1021 931 1137 990 ratione

138 1015 253 1074 lluviata
269 1014 464 1074 decorticatur
474 1023 560 1091 atque
576 1014 613 1072 ita
626 1015 762 1091 sappinus
775 1021 906 1088 vocator,
919 1014 1054 1091 superior
1065 1031 1136 1092 pars

137 1099 249 1157 nodosa
264 1098 418 1174 duriorque
435 1099 573 1156 fusterna.
603 1104 631 1156 et
643 1097 672 1155 in
685 1097 756 1175 ipsis
768 1105 861 1156 autem
877 1095 1030 1156 arboribus
1045 1096 1134 1157 robu·
1144 1116 1171 1158 tn

138 1182 245 1241 stiores
260 1182 423 1258 aquiloniae
439 1190 553 1258 partes,
577 1188 606 1239 et
629 1181 658 1238 in
679 1188 767 1239 toturn
788 1179 952 1241 deteriores
976 1198 1015 1239 ex
1030 1179 1136 1240 umidis

138 1265 313 1342 opacisque,
337 1265 492 1342 spissiores
516 1282 554 1323 ex
571 1264 676 1341 apricis
692 1282 727 1324 ac
744 1264 903 1324 diuturnae.
937 1264 1005 1324 ideo
1022 1262 1136 1323 Romae

97 1358 147 1414 197
158 1348 284 1407 infernas
301 1348 380 1407 abies
396 1349 543 1426 supernati
557 1347 727 1424 praefertur.
754 1345 806 1406 Est
816 1365 870 1425 per
880 1365 913 1407 se
924 1348 1053 1424 gentium
1062 1364 1135 1425 quc·

138 1450 195 1511 que
211 1432 238 1489 in
253 1431 296 1490 his
313 1430 482 1491 differentia.
514 1430 638 1509 Alpibus
655 1428 886 1508 Appenninoque
906 1429 1135 1505 laudatissimae,

137 1518 165 1574 in
187 1514 294 1588 Gallia,
317 1514 429 1574 lucibus
450 1532 486 1575 ac
507 1523 603 1574 monte
625 1513 762 1590 Vosego,
786 1515 814 1573 in
831 1511 969 1589 Corsica,
991 1512 1135 1588 Bithynia,
1146 1535 1171 1576 n

138 1601 240 1674 Ponto,
259 1597 439 1659 Macedonia.
468 1599 596 1659 deterior
611 1597 771 1657 heneatica
787 1606 816 1656 et
826 1596 980 1672 Arcadica,
997 1613 1136 1675 pessuma

137 1684 273 1742 Parnasia
289 1692 318 1741 et
334 1681 473 1757 Euboica,
487 1683 620 1760 qnoniam
630 1698 762 1740 ramosae
777 1680 816 1740 ibi
828 1690 857 1740 et
869 1689 1020 1742 contortae
1035 1690 1134 1760 putre·

138 1774 314 1842 scentesque
331 1765 427 1824 facile.
458 1773 486 1824 at
502 1765 606 1823 cedrus
623 1762 757 1840 inGretn,
773 1763 885 1840 Africa,
898 1765 982 1839 Syria
997 1764 1134 1825 laudatis·

138 1851 218 1907 sima.
250 1847 330 1906 cedri
345 1846 412 1906 cleo
429 1856 568 1924 peruncta
588 1848 724 1906 materies
748 1865 804 1907 nec
825 1848 928 1908 tineam
949 1865 1005 1908 nec
1026 1849 1136 1908 cariem

97 1932 253 1994 198sentit.
288 1929 414 2007 iunipiro
439 1929 539 1989 eadem
560 1930 650 1988 virtus
672 1947 746 2008 quae
769 1931 868 1990 cedro.
905 1940 987 1991 vasta
1009 1930 1085 1993 baec
1105 1931 1170 1991 inat

87 2086 90 2091 ,
138 2013 274 2091 Hispania
289 2030 479 2092 maxumeque
494 2012 648 2072 Vaccaeis.
677 2014 802 2074 medulla
819 2016 880 2074 eius
895 2014 1068 2092 ubicumque
1086 2030 1134 2074 so·

138 2097 224 2156 lidicr
244 2097 329 2155 etiam
350 2114 433 2174 quam
455 2096 568 2156 cedrus.
608 2095 754 2156 Publicum
773 2099 895 2157 omniurn
911 2099 1009 2158 vitium
1028 2105 1136 2157 uocant

139 2181 249 2259 spiras,
271 2179 319 2240 ubi
336 2179 513 2241 convolvere
529 2197 562 2239 se
576 2198 670 2240 venae
692 2190 778 2259 atque
794 2180 871 2241 uodi.
904 2183 1085 2241 inueniuntur
1105 2180 1135 2239 in

138 2263 323 2342 quibusdam,
348 2265 422 2323 sicut
445 2264 473 2322 in
491 2281 649 2339 marmore,
672 2273 788 2338 centra,
809 2264 837 2323 id
858 2273 903 2323 est
923 2263 1025 2324 duritia
1047 2264 1134 2324 clavo

138 2347 255 2423 similis,
277 2349 389 2408 inimica
407 2348 507 2407 serris.
537 2357 566 2407 et
581 2348 720 2425 quaedam
739 2347 815 2407 forte
833 2348 967 2408 accidunt
985 2348 1014 2407 iu
1035 2346 1170 2426 lapideas

138 2432 342 2508 conprehenso
361 2440 409 2491 aut
423 2440 546 2509 recepto
559 2432 587 2489 in
604 2448 710 2509 corpus
725 2439 772 2490 aut
788 2432 907 2491 alterius
918 2431 1031 2490 arboris
1041 2447 1133 2491 ramo.

96 2522 147 2578 199
161 2515 200 2592 [a]
225 2513 352 2592 Megaris
374 2513 421 2574 diu
444 2515 523 2574 stetit
545 2515 673 2575 oleaster
693 2514 721 2572 in
742 2513 824 2590 loro,
847 2514 892 2574 cui
906 2515 961 2573 viri
975 2513 1068 2574 fortes
1085 2513 1134 2575 ad·

139 2597 261 2658 fixerant
281 2615 375 2672 arma,
403 2615 477 2676 quae
500 2599 611 2659 cortice
634 2596 775 2658 ambiente
794 2607 876 2658 aetas
896 2598 983 2676 longa
1005 2596 1134 2659 occulta-

138 2688 234 2754 verat,
262 2680 372 2757 lnitqne
394 2680 482 2740 arbor
507 2681 557 2740 illa
581 2680 675 2740 fatalis
699 2680 813 2740 excidio
841 2681 920 2742 urbis
946 2680 1134 2760 praemonitis

138 2761 276 2838 oraculo,
301 2781 364 2821 curn
379 2764 467 2822 arbor
482 2780 560 2824 arma
578 2765 758 2842 peperisset,
786 2765 863 2843 quod
880 2765 1013 2826 succisae
1028 2763 1171 2826 accidittt

137 2847 235 2906 ocreis
255 2845 408 2923 galeisque
430 2847 504 2905 intus
518 2848 654 2924 repertis.
685 2845 792 2906 Ferunt
808 2848 919 2927 lapides
939 2849 978 2911 ita
998 2849 1133 2909 inuentos

95 2930 194 2994 annal
215 2929 404 2990 continendos
422 2938 521 3007 partus
544 2947 612 2988 esse
633 2930 773 2990 remedio.
802 2933 854 2993 40.
882 2932 1067 3011 Amplissima
1088 2950 1133 2993 ar-

135 3012 238 3073 borum
259 3015 295 3074 ad
319 3013 377 3073 boc
396 3015 461 3073 aevi
486 3014 662 3073 existimatur
685 3012 795 3075 Romae
819 3016 882 3077 visa
904 3033 988 3095 quam
1010 3025 1136 3095 propter

137 3097 304 3157 miraculum
328 3095 461 3156 'liberius
487 3096 597 3157 ansar
625 3097 780 3158 incudem
805 3107 894 3177 ponte
918 3098 1135 3160 naumachiario

138 3189 316 3256 exposuerat
342 3179 491 3240 advectam
519 3197 583 3239 cum
610 3180 721 3259 reliqua
743 3184 879 3259 materie,
905 3182 1076 3261 duravitque
1098 3183 1170 3244 adut

136 3260 260 3323 Neronis
275 3263 413 3342 principis
428 3263 674 3341 amphitheatrum.
705 3264 758 3325 luit
770 3275 864 3326 autem
880 3266 978 3329 trabes
994 3285 1011 3326 e
1029 3266 1134 3343 larice,

136 3346 224 3425 longa
240 3347 332 3426 pedes
347 3359 417 3407 cxx
431 3346 559 3425 bipedali
575 3347 763 3408 crassitudine
779 3350 924 3428 aequalis,
945 3368 1003 3429 quc
1018 3349 1135 3411 intelle·

135 3430 259 3504 gebatur
274 3432 323 3490 vix
339 3430 487 3491 credibilis
502 3430 614 3508 reliqna
633 3431 751 3491 altitudo
771 3432 915 3511 fastigium
939 3434 976 3494 ad
993 3450 1136 3495 cacumen
