2422 3840
318 194 399 240 unu.
417 191 699 246 HIST.xx1.7-9·
719 179 874 260 (25-29.)
1039 179 1097 240 241

93 350 274 411 manifestum
295 358 340 409 est
360 357 465 427 postea
486 348 643 426 placuisse.
676 365 692 407 5
711 346 830 408 Graecis
848 356 944 407 tamen
964 356 1101 425 repertos

95 437 160 514 quis
176 433 285 493 dubitet
302 451 360 494 non
376 433 461 493 aliter
476 431 558 493 ltalia
574 441 731 510 usurpante
747 432 862 492 nomina
876 430 1015 491 illorum?

160 531 242 611 (25.)
266 530 320 606 m,
343 529 503 606 Hercules,
531 530 632 608 petilio
657 532 722 608 ipsa
746 548 851 591 nomen
878 529 1018 608 inposuit,
1050 547 1097 589 au·
1109 539 1143 596 49

94 615 210 676 tumnali
232 615 369 693 circaque
392 615 491 692 vepris
511 616 643 674 nascenti
660 623 688 673 et
711 623 817 674 tantum
840 615 941 674 colore
958 632 1100 676 commen·

74 701 181 774 tdato,
209 700 257 778 qui
272 707 318 758 est
333 715 419 758 rosae
441 699 593 759 silvestris.
627 698 698 759 folia
721 715 827 775 parva,
857 700 961 776 quina,
988 702 1100 759 mirum·

95 786 203 863 quein
235 800 271 842 eo
301 781 374 842 ilore
404 781 512 843 inilecti
548 801 686 843 cacumen
718 791 747 842 et
775 782 860 842 nodis
896 783 1002 841 intorto
1032 783 1102 840 folia

94 869 174 929 nasei
202 865 325 946 parvolo
351 867 454 942 calyce
486 885 521 927 ao
546 867 720 927 versicolori
747 868 855 926 luteum
884 883 984 925 semen
1013 865 1101 924 iuclu-

95 953 199 1012 dentia.
234 951 314 1010 luteo
343 959 373 1011 et
395 951 486 1012 bellio
508 951 747 1030 pastillicantibus
769 950 979 1028 quinquagenis
1009 949 1102 1027 quinis

94 1035 224 1095 barbulis
239 1043 404 1095 coronatur.
435 1044 588 1114 pratenses
603 1035 632 1094 hi
648 1035 736 1094 ilores
753 1052 788 1094 ae
808 1035 871 1092 siue
895 1052 948 1092 usu
969 1032 1102 1111 plerique

58 1127 126 1184 noct
140 1119 206 1178 ideo
225 1121 288 1178 sine
312 1119 483 1179 nominibus.
519 1119 585 1197 quin
604 1126 633 1177 et
657 1119 701 1178 his
725 1118 797 1198 ipsis
815 1117 872 1178 alia
894 1118 942 1178 alii
959 1116 1102 1178 vocabula

95 1205 244 1282 inponunt.
807 1214 811 1221 '

159 1300 244 1378 (26.)
269 1297 469 1374 chrysocome
485 1301 548 1359 sive
572 1300 706 1374 chrysitis
725 1299 887 1360 nonhabet
904 1299 1030 1360 Latinam
1049 1318 1098 1377 ap·
1111 1313 1145 1362 5ο

95 1383 294 1462 pellationem.
325 1383 411 1459 palmi
438 1382 587 1443 altitudine
614 1392 676 1459 est,
703 1383 880 1443 comantibus
902 1384 1018 1460 fulgore
1043 1383 1102 1442 auri

96 1465 259 1541 corymbis,
284 1465 383 1526 radice
400 1467 499 1543 nigra,
531 1484 569 1526 ex
583 1476 700 1528 austero
718 1466 813 1543 dulci,
840 1468 868 1525 in
890 1467 1016 1544 petrosis
1032 1483 1101 1544 opa·
1184 1527 1187 1534 ,

54 1569 85 1613 ’55
96 1552 197 1628 cisque
212 1567 346 1608 nascens.

157 1650 186 1710 9.
212 1649 296 1728 (27.)
320 1648 357 1709 Et
373 1651 437 1710 iere
458 1652 585 1729 peractis
607 1651 738 1711 colorum
753 1667 869 1730 quoque
888 1650 1098 1726 celeberrimis,
1111 1661 1142 1714 51

94 1736 196 1796 transit
221 1736 294 1794 ratio
321 1733 356 1794 ad
382 1752 432 1795 cas
463 1752 586 1796 coronas
610 1753 683 1814 quae
715 1736 857 1796 varietate
883 1733 947 1795 sola
974 1734 1100 1812 placent.

96 1820 151 1879 duo
168 1824 266 1879 earum
287 1837 413 1896 genera,
437 1821 550 1898 quando
567 1820 641 1880 51155
656 1820 729 1879 ilore
746 1827 897 1894 coustant,
923 1817 997 1878 aliae
1017 1818 1100 1878 lolio.

95 1903 197 1963 llorem
213 1921 281 1962 esse
297 1903 418 1963 dixerim
434 1905 563 1981 genistas
578 1939 621 1953 -
636 1921 760 1982 namque
779 1913 808 1963 et
826 1903 861 1963 iis
878 1901 1044 1981 decerpitur
1059 1903 1101 1962 lu·

58 2004 86 2046 55
97 1996 220 2063 teus—,
230 1988 299 2047 item
314 1987 551 2063 rhododendron,
565 1990 632 2049 item
645 1989 767 2069 zizipha,
782 2006 856 2067 quae
873 1996 902 2047 et
915 1983 1102 2065 Cappadocia

94 2081 244 2130 vocantur.
265 2071 311 2130 his
326 2071 476 2146 odoratus,
493 2073 649 2150 similisque
665 2074 796 2133 olearum
810 2070 939 2132 iloribus.
962 2072 991 2130 in
1005 2071 1101 2150 vepri-

96 2155 149 2215 bus
169 2154 297 2213 nascitur
318 2155 522 2229 cyclaminum,
551 2153 587 2213 de
613 2170 669 2231 quo
690 2157 774 2234 plura
801 2155 883 2214 alias.
918 2153 973 2213 ilos
1002 2152 1144 2239 eius²iqy⁴

97 2237 261 2296 colossinus
277 2238 305 2294 in
320 2253 445 2296 coronas
463 2237 627 2297 admittitur.

159 2333 241 2413 (28.)
263 2333 349 2395 Folio
368 2336 565 2395 coronantium
581 2334 700 2394 milaces
715 2344 744 2394 et
757 2335 897 2409 hederae,
912 2333 1100 2413 corymflque
1111 2346 1145 2398 52

59 2434 195 2481 arearum
223 2420 353 2497 optinent
379 2420 585 2499 principatum,
620 2418 656 2478 de
686 2418 788 2496 quihus
813 2421 842 2477 iu
876 2417 1008 2477 fruticum
1035 2417 1103 2478 loco

97 2502 211 2563 abunde
219 2503 350 2564 diximus.
367 2505 439 2563 Sunt
452 2513 481 2563 et
497 2503 552 2563 alia
564 2520 676 2580 genera
689 2503 849 2563 nominihus
859 2501 980 2562 Graecis
992 2502 1062 2561 indi·
1073 2499 1145 2587 ᾖξ’

98 2586 205 2661 canda,
234 2588 300 2664 quia
326 2589 433 2647 uostris
453 2589 562 2648 maiore
590 2605 628 2646 ex
654 2594 736 2664 parte
763 2588 846 2647 huius
866 2586 1103 2645 nomenclaturae

97 2667 188 2727 defuit
202 2687 280 2729 cura.
312 2679 341 2730 et
366 2671 508 2751 pleraque
535 2687 635 2730 eorum
658 2671 687 2729 iu
702 2673 811 2730 exteris
833 2671 919 2730 terris
937 2678 1102 2744 nascuntur,

98 2751 181 2811 nobis
197 2761 293 2813 tamen
310 2755 522 2832 consectanda,
545 2755 679 2836 quoniam
694 2755 731 2814 de
745 2765 841 2816 natura
855 2770 970 2830 sermo,
994 2771 1050 2812 nou
1067 2753 1102 2813 de

18 2911 20 2914 Ι
60 2834 180 2896 coltalia
200 2846 254 2896 est.

163 2933 247 3013 (29.)
273 2933 352 3012 Ergo
372 2937 401 2994 iu
422 2946 627 2997 coronamenta
644 2937 716 2997 folio
734 2953 842 2995 venere
857 2936 1022 3009 melotrum,
1041 2934 1098 3013 spi·
1111 2943 1145 2995 53

98 3035 183 3094 raca,
211 3019 376 3095 origanum,
403 3037 556 3096 cneorum,
581 3021 659 3099 quod
688 3022 794 3079 casiam
814 3018 943 3096 Hyginus
967 3027 1054 3078 vocat
1075 3027 1104 3077 et

100 3103 177 3180 quod
197 3103 405 3180 cunilaginem,
429 3121 555 3178 couyua,
582 3103 824 3181 melissophyllou
839 3104 917 3182 quod
937 3102 1103 3182 apiastrum,

98 3185 249 3246 meliloton
273 3186 351 3265 quod
373 3186 509 3247 sertulam
531 3185 704 3264 Campanam
730 3204 878 3247 vocamus.
910 3197 954 3247 est
981 3187 1055 3246 enim
1076 3187 1104 3243 iu

61 3284 89 3326 55
101 3267 254 3348 Campania
269 3269 369 3330 ltaliae
385 3270 593 3346 laudatissima,
622 3269 740 3330 Graecis
757 3272 785 3329 in
801 3273 906 3347 Sunio,
935 3288 1003 3330 mox
1019 3268 1103 3329 chal·

100 3353 192 3414 cidica
218 3363 247 3414 et
271 3353 401 3430 Cretica,
425 3353 598 3432 ubicumque
624 3372 697 3414 vero
725 3356 838 3434 asperis
865 3364 894 3414 et
920 3351 1103 3413 silvestribus

99 3444 175 3494 nata.
207 3434 339 3499 Coronas
355 3457 393 3498 ex
413 3456 448 3498 ea
468 3439 621 3517 antiquitus
644 3438 787 3499 factitatas
806 3439 912 3501 iudicio
934 3446 982 3496 est
1001 3454 1118 3493 nom

150 3538 217 3579 euru.
231 3541 295 3582 uua.
312 3544 382 3583 uisu.
400 3527 444 3584 lll.
917 3519 965 3576 bb
