2422 3840
327 208 405 255 nau.
423 208 513 256 mss.
530 209 613 255 xvn.
630 203 749 258 aa—ab.
768 195 843 273 (35.)
1046 191 1083 255 81

154 362 204 422 23.
227 362 284 439 [aral
308 361 444 438 Sequitur
456 361 563 419 arbusti
579 363 651 420 ratio
663 362 762 420 mirum
774 361 803 419 iu
814 360 929 419 modum
941 360 1072 419 damnata
1080 368 1130 423 199

92 464 109 506 a
123 447 247 504 Saserna
259 454 341 523 patre
356 444 486 520 illioque,
501 443 649 505 celebrata
660 442 794 518 Scrofae,
806 444 1008 503 vetustissimis
1022 450 1089 519 post

93 528 232 589 Catonem
248 528 505 605 peritissimisque‚
529 543 564 586 ac
579 545 615 585 ne
632 544 647 585 a
663 527 768 586 Scrola
786 527 901 604 quidem
917 527 970 584 nisi
986 524 1088 584 ltaliae

94 627 246 684 concessa,
263 628 326 670 cum
341 619 397 669 tam
411 610 499 686 longo
515 609 655 669 iudicetur
669 626 743 670 aevo
759 610 868 669 nobilia
882 611 947 669 vina
962 626 1018 668 uon
1035 609 1089 666 nisi

71 697 122 759 uin
144 694 266 754 arbustis
287 695 367 770 gigni
391 702 419 752 et
439 695 466 751 iu
486 692 531 752 his
558 710 673 771 quoque
695 691 854 751 laudatiora
877 693 991 750 summis
1015 693 1089 750 sicut

92 778 228 838 uberiora
244 779 316 836 imis.
348 776 422 836 adeo
446 775 618 836 excelsitate
634 776 793 854 proficitur.
822 774 884 833 llac
905 776 1017 834 ratione
1039 784 1068 834 et
1078 784 1131 837 200

93 861 215 922 arbores
238 860 392 936 eliguntur.
429 860 520 938 prima
543 860 665 919 omnium
687 859 796 933 ulmus,
823 866 948 935 excepta
968 865 1090 935 propter

92 947 206 1004 nimiam
220 942 352 1002 frondem
367 945 461 1002 atinia
490 942 556 1002 dein
572 943 697 1021 populus
712 944 804 1019 nigra,
821 940 923 1001 eadem
938 941 974 1001 de
990 956 1088 1015 causa,

93 1029 185 1087 miuus
203 1026 293 1087 densa
309 1025 391 1086 lolio.
422 1043 479 1085 non
494 1036 632 1124 spernunt
647 1026 780 1104 plerique
795 1034 824 1084 et
837 1024 978 1084 fraxinum
992 1025 1089 1083 licum·

59 1137 84 1176 10
95 1129 162 1189 que,
176 1110 260 1169 etlam
274 1109 416 1185 oleam,
390 1128 415 1169 st
430 1126 487 1168 non
504 1111 540 1168 sit
554 1109 688 1169 umbrosa
705 1111 801 1169 ramis
826 1108 924 1167 harum
941 1118 1019 1168 satus

95 1194 247 1272 cultusque
267 1192 379 1253 abunde
402 1202 539 1253 tractatus
562 1202 616 1252 est
658 1202 724 1253 ante
748 1205 868 1251 xxxvt.
891 1209 1020 1251 mensem
1032 1198 1071 1255 ιιι
1061 1172 1131 1255 Ἢ

94 1278 193 1354 attingi
208 1276 284 1336 ialcc
297 1285 439 1335 vetantur
458 1276 568 1336 alterna
582 1285 732 1336 servantur
744 1273 891 1350 bracchia,
900 1258 1060 1334 alternis¹’
1032 1256 1131 1298 ’ΜΨ

94 1369 228 1438 putantur
249 1361 345 1433 aunis,
366 1369 450 1418 sexto
468 1377 541 1419 anno
558 1361 732 1418 maritantur
761 1357 966 1435 Transpadana
986 1357 1067 1417 ltalia
1082 1365 1132 1417 aot

94 1452 212 1522 praeter
226 1403 416 1520 supradictas
433 1459 534 1517 comu,
547 1443 646 1519 opulo,
660 1442 730 1517 tilia,
746 1458 844 1515 acere,
861 1457 943 1515 orno,
960 1442 1089 1518 carpino,

60 1549 86 1590 as
96 1543 206 1604 quercu
221 1524 349 1584 arbustat
364 1541 463 1602 agros,
480 1523 605 1583 Venetia
622 1525 712 1583 salice
729 1532 849 1601 propter
865 1523 1001 1599 uliginem
1023 1522 1089 1581 soli.

96 1616 126 1667 et
136 1608 229 1667 ulmus
241 1607 408 1666 detruncata
420 1605 533 1666 media
525 1625 554 1665 ιιι
564 1623 706 1665 ramorum
718 1623 834 1665 scamna
849 1606 999 1682 digeritur,
1012 1603 1090 1662 nulla

96 1691 160 1750 lere
182 1703 230 1749 xx
252 1689 357 1767 pedum
378 1689 483 1750 altiore
503 1689 618 1749 arbore
661 1689 788 1749 tabulata
808 1706 906 1747 earum
925 1687 962 1747 ab
985 1697 1089 1747 octavo

96 1774 173 1852 pede
189 1772 342 1833 altitudinis
361 1773 536 1833 dilatantur
527 1791 556 1832 ιιι
572 1772 695 1832 collibus
716 1773 861 1850 siccisque
880 1772 975 1849 agris,
996 1784 1089 1830 axn.

96 1859 125 1916 in
143 1855 352 1934 campestribus
369 1866 398 1916 et
415 1856 527 1916 umidis.
552 1854 739 1916 Meridianum
755 1856 847 1915 solem
861 1863 997 1934 spectare
1012 1853 1132 1931 pal-202

59 1957 159 2004 comae
175 1939 296 2014 debent,
313 1941 383 1999 rami
398 1959 414 2000 a
431 1941 563 2018 proiectu
579 1939 732 2015 digitorum
748 1940 833 1999 modo
850 1939 977 2015 subrigi,
993 1937 1091 1999 tonsili

95 2025 124 2082 in
139 2022 184 2081 his
199 2024 323 2082 tenuium
336 2041 452 2102 quoque
467 2023 656 2100 virgultorum
667 2023 767 2097 barba,
784 2041 820 2082 ue
834 2023 1013 2083 obumbrent.
1045 2021 1089 2081 Iu·

95 2105 248 2166 tervallum
263 2107 365 2164 iustum
381 2105 524 2179 arborum,
540 2107 564 2163 si
577 2114 674 2164 aretur
688 2105 790 2180 solum,
804 2106 981 2183 quadrageni
998 2105 1090 2183 pedes

96 2190 125 2248 in
140 2196 225 2263 terga
241 2187 440 2266 frontemque,
455 2189 483 2245 in
498 2188 590 2247 latera
603 2189 708 2247 viceni.
739 2189 763 2246 si
779 2205 837 2247 uon
858 2198 970 2262 aretur,
991 2188 1048 2247 boc
1062 2189 1100 2247 ira

99 2271 190 2330 omnis
206 2271 303 2346 partis.
344 2270 465 2346 siugulis
480 2271 569 2329 denas
583 2287 674 2348 saepe
691 2269 852 2329 adnutriunt
867 2272 942 2345 vitis,
958 2270 1089 2330 damnato

62 2372 89 2414 as
99 2352 227 2430 agricola
242 2354 333 2411 minus
348 2354 448 2412 ternis.
481 2351 617 2412 ilaritare
633 2354 688 2412 uisi
703 2353 814 2413 validas
830 2355 983 2427 inimicum,
1002 2370 1069 2411 ene·
1080 2363 1134 2416 203

99 2445 183 2498 caute
206 2436 304 2495 veloci
330 2437 427 2497 vitium
448 2437 637 2498 incremento.
671 2453 771 2498 serere
793 2437 963 2515 tripedaneo
985 2435 1091 2495 scrobe

97 2520 294 2579 necessarium
305 2519 435 2579 distantis
447 2521 521 2578 luter
535 2537 604 2578 sese
616 2519 806 2596 arboremque
822 2520 942 2597 siugulis
958 2518 1090 2598 pedibus.

97 2601 168 2662 nibil
181 2601 220 2660 ibi
234 2599 378 2661 malleolis
394 2611 480 2679 atquc
495 2604 689 2680 pastinationi,
707 2604 784 2663 nulla
802 2603 929 2664 lodiendi
945 2603 1090 2682 inpendia,

98 2691 200 2762 utpote
217 2701 280 2743 cum
294 2685 400 2744 arbusti
416 2687 487 2745 ratio
504 2685 559 2744 hac
571 2686 712 2763 peculiari
728 2687 795 2746 dote
805 2696 945 2766 praestet,
961 2686 1038 2766 quod
1054 2686 1090 2747 ab

62 2766 205 2832 aoeodem
227 2765 292 2825 solo
311 2770 369 2827 seri
389 2769 489 2845 lruges
511 2778 541 2827 et
563 2768 669 2828 vitibus
691 2770 828 2848 prodest,
851 2789 997 2849 superque
1014 2769 1092 2867 quod

97 2849 248 2911 vindicans
265 2868 298 2908 se
313 2849 432 2911 altitudo
441 2869 539 2927 ,uon,
556 2861 586 2913 ut
602 2853 630 2911 in
646 2855 746 2929 vinea,
770 2853 805 2913 ad
830 2853 971 2915 arcendas
986 2855 1091 2912 anima·

99 2933 193 2995 lium
184 2933 299 2993 iniurias
316 2935 426 3011 pariete
441 2935 489 2994 vel
504 2953 595 3013 saepe
608 2937 656 2995 vel
671 2937 815 2996 fossarum
835 2938 933 3014 utique
954 2935 1090 3014 inpendio

98 3016 200 3076 muniri
214 3033 247 3075 se
263 3016 350 3092 cogit.
382 3016 440 3095 [ab]
465 3016 497 3076 In
512 3018 631 3078 arbusto
648 3038 664 3078 c
680 3018 836 3098 praedictis
851 3020 914 3079 sola
928 3018 1069 3079 viveradi·
1081 3031 1134 3084 204

100 3118 164 3161 cum
183 3100 274 3174 ratio,
299 3101 366 3157 item
381 3101 588 3177 propaginum,
614 3111 643 3160 et
665 3103 739 3162 haec
755 3104 884 3178 gemina,
907 3112 937 3162 ut
955 3103 1086 3180 diximus,
1099 3127 1123 3159 or

65 3181 250 3262 acqualorum
267 3190 296 3241 et
314 3183 379 3260 ipso
403 3182 532 3243 tabulato
552 3200 683 3244 maxume
703 3185 839 3264 probata,
861 3187 993 3264 quoniam
1008 3205 1025 3245 a
1039 3204 1091 3263 pe-

101 3283 171 3325 core
183 3265 322 3325 tutissima
338 3274 397 3340 est,
417 3264 508 3325 altera
522 3264 637 3327 deflexa
653 3270 711 3328 vite
725 3269 773 3328 vel
789 3270 905 3347 palmite
920 3271 996 3329 iuxta
1013 3287 1092 3328 suam

100 3347 232 3408 arborem
248 3356 296 3407 aut
312 3350 389 3409 circa
404 3365 571 3426 proxumam
589 3351 740 3412 caelibem
781 3353 858 3431 quod
880 3371 964 3431 supra
986 3361 1092 3410 terram

102 3439 146 3489 est
162 3446 179 3488 c
194 3439 285 3490 matre
299 3431 361 3492 radi
377 3431 500 3508 iubetur,
516 3451 552 3492 ne
567 3432 692 3496 lruticet
722 3438 750 3494 in
772 3445 853 3504 terra
866 3453 930 3493 non
937 3435 1107 3508 panderes

143 3531 211 3570 num.
223 3533 285 3572 nna.
297 3535 365 3574 mss.
378 3520 422 3576 Ill.
691 3531 697 3540 ·
932 3515 958 3570 la
