2422 3840
221 185 302 232 nan.
320 186 410 234 nrsn.
434 185 566 238 xx1.34.
585 176 677 255 (lot.)
697 211 738 220 —-
752 190 839 236 xxm.
857 187 884 238 a.
902 175 961 253 (4.)
1033 175 1095 238 267

92 357 156 400 cum
182 339 373 414 imperatoriis
403 339 526 400 dicatum
550 341 774 420 paludamentis,
797 340 972 417 transalpina
1001 341 1094 401 Gallia

90 421 190 482 herbis
206 421 291 496 Tyria
313 430 398 500 atque
425 423 577 498 conchylia
596 425 698 500 tinguit
716 434 745 483 et
761 427 852 485 omnis
868 424 942 483 alios
966 424 1093 484 colores.

91 524 146 566 nec
171 507 283 585 quaerit
306 506 333 564 in
358 507 507 584 profundis
531 507 657 566 murices
684 502 776 586 seque
799 507 953 566 obiciendo
984 525 1092 583 escam,

90 590 156 650 dum
176 590 330 667 praeripit,
357 588 451 650 beluis
472 591 557 649 maris
578 591 682 650 intacta
708 592 793 650 etiarn
814 591 929 651 ancoris
951 599 1095 650 scrutatur

65 674 175 748 evada,
197 682 228 732 ut
244 673 369 731 inveniat
384 691 438 750 per
453 674 530 751 quod
545 673 659 733 facilius
674 683 803 734 matrona
819 672 950 732 adultero
965 674 1094 751 placeat,

91 764 245 834 corruptor
260 755 409 816 insidietur
427 767 541 835 nuptae.
574 767 652 816 stans
668 765 696 816 et
712 759 740 816 in
755 757 836 816 sicco
853 757 946 832 carpit
960 774 1018 834 quo
1036 757 1124 817 frua

89 859 156 919 gem
173 840 276 913 modo,
297 839 350 899 sed
370 841 487 918 culpant
502 840 579 900 ablui
594 859 665 915 usu,
688 840 797 917 alioqui
818 839 975 914 fulgentius
995 839 1095 897 instrui

89 931 205 1002 poterat
223 923 351 996 luxuria,
374 932 455 983 certe
477 925 668 983 innocentius.
706 922 772 982 Non
793 932 838 982 est
858 940 934 980 nunc
959 922 1094 999 proposi·

89 1017 147 1067 mm
162 1006 217 1065 ista
235 1008 414 1082 consectari,
442 1025 497 1067 nec
514 1008 723 1068 committemus
741 1016 771 1065 nt
792 1004 963 1066 subiciendo
980 1005 1096 1064 olitoria

55 1115 81 1156 ιι
91 1089 231 1149 luxuriam
252 1090 361 1150 vilitate
383 1091 651 1151 circumscribamus
674 1091 777 1151 dictori
795 1099 824 1149 et
840 1089 911 1149 alias
928 1087 1026 1148 herbis
1042 1090 1094 1147 tin·

89 1173 138 1250 gui
156 1172 285 1250 lapides,
306 1175 435 1250 parietes
456 1176 545 1252 pingi.
586 1193 642 1234 nec
666 1174 814 1250 tinguendi
837 1183 933 1232 tamen
954 1173 1094 1231 rationem

90 1257 303 1330 misissemus,
331 1256 359 1314 si
374 1275 507 1336 umquam
525 1276 560 1317 ea
576 1257 736 1318 liberalium
754 1259 855 1316 artium
871 1256 985 1314 luisset.
1023 1256 1123 1314 inte-5

88 1341 142 1398 rim
165 1339 268 1398 fortius
289 1348 408 1415 agetur,
431 1343 646 1418 auctoritasque
673 1338 897 1417 quanta'debet
922 1339 1006 1397 etiam
1032 1355 1093 1396 sur·

89 1422 133 1481 dis
150 1421 219 1499 [hoc
235 1430 280 1480 est
294 1422 482 1501 ignobilibus]
499 1423 599 1484 herbis
614 1421 824 1502 perhibebitur,
840 1421 981 1497 siquidem
993 1428 1094 1479 aucto-

55 1523 138 1568 mres
159 1505 261 1581 imperi
278 1502 398 1564 Romani
416 1507 640 1584 conditoresque
662 1507 821 1564 inmensum
836 1502 969 1582 quiddam
984 1512 1014 1562 et
1029 1502 1095 1561 hinc

89 1605 257 1665 sumpsere,
279 1589 413 1665 quoniam
427 1606 484 1648 non
500 1589 613 1650 aliunde
630 1589 758 1665 sagmina
773 1590 802 1646 iu
817 1587 954 1646 remediis
970 1583 1095 1664 publicis

88 1671 172 1731 fuere
191 1679 220 1730 ct
241 1673 270 1730 in
291 1672 382 1730 sacris
404 1671 657 1751 legationibusque
673 1671 832 1731 verbenae.
866 1678 946 1728 certe
970 1677 1094 1747 utroque

88 1755 202 1813 nomine
218 1754 295 1815 idem
316 1755 510 1832 significatur,
532 1756 589 1815 hoo
611 1762 657 1814 est
676 1772 797 1832 gramen
818 1772 855 1813 ex
871 1770 940 1812 arce
963 1769 1027 1811 cum
1044 1770 1095 1812 sua

89 1846 168 1897 terra
188 1837 335 1914 evolsum,
359 1856 394 1899 ac
414 1857 531 1918 semper
550 1839 707 1916 elegatis,
729 1856 792 1897 cnm
807 1837 844 1897 ad
864 1837 955 1896 hostis
973 1835 1093 1911 clariga-

54 1943 80 1985 m
89 1929 205 2000 tumque
221 1923 418 1999 mitterentur,
439 1923 468 1983 id
484 1932 529 1984 est
549 1940 597 1983 res
613 1931 712 2000 raptas
729 1922 810 1982 clare
828 1921 998 1998 repetitum,
1022 1936 1094 1976 unus
1139 1917 1143 1921 ’

89 2008 187 2085 ntique
202 2007 391 2066 verbenarius
407 2006 575 2067 vocabatur.

151 2088 179 2148 3.
202 2089 265 2168 (4.)
290 2088 407 2149 Corona
429 2091 544 2168 quidem
561 2089 640 2149 nulla
658 2089 712 2149 init
733 2089 879 2165 graminea
900 2085 1043 2159 nobilior,
1067 2087 1123 2148 iu6

89 2171 239 2230 maiestate
269 2173 370 2249 populi
401 2182 539 2231 terrarum
572 2172 713 2249 prIncipis
747 2173 940 2248 praemiisque
970 2168 1094 2244 gloriae.

89 2262 252 2330 gemmatae
270 2264 299 2314 et
315 2271 437 2332 aureae,
458 2254 604 2331 vallares,
623 2254 766 2329 murales,
790 2261 951 2326 rostratae,
974 2252 1094 2326 civicae,

54 2360 81 2400 ns
91 2336 278 2414 triumphales
295 2347 363 2416 post
387 2339 460 2398 hanc
480 2338 563 2398 fuere
591 2347 713 2415 suntque
739 2345 862 2396 cunctae
883 2350 987 2411 magno
1009 2333 1095 2391 inter·

90 2419 168 2479 vallo
184 2438 344 2500 magnaque
361 2422 531 2482 differentia.
566 2431 681 2482 ceteras
698 2421 790 2478 omnis
813 2418 934 2495 singuli,
958 2425 988 2475 ct
1006 2415 1124 2477 duces?

89 2504 146 2582 ipsi
165 2505 415 2583 imperatoresque
433 2503 568 2564 militibus
587 2514 634 2565 aut
654 2503 809 2582 aliquando
827 2501 960 2576 conlegis
977 2497 1096 2575 dedere,

91 2585 221 2646 decrevit
247 2590 276 2646 in
301 2588 449 2666 triumphis
475 2598 592 2646 senatus
608 2605 677 2648 cura
697 2586 768 2647 beili
790 2585 901 2644 solutus
923 2591 952 2642 et
970 2581 1095 2661 populus

91 2670 219 2745 otiosus,
241 2673 270 2730 4.
293 2672 441 2748 graminea
457 2688 609 2747 numquam
623 2672 678 2730 nisi
694 2672 723 2728 in
736 2670 942 2747 desperatione
961 2682 1096 2743 suprema

56 2753 227 2832 moontigit,
249 2754 319 2814 nulli
344 2755 399 2813 nisi
430 2753 466 2814 ab
492 2756 629 2813 universo
664 2754 795 2812 exercitu
822 2760 939 2810 servato
966 2750 1094 2809 decreta.

92 2845 207 2897 ceteras
228 2840 419 2916 imperatores
442 2837 571 2912 dedere,
599 2837 673 2896 hanc
699 2834 791 2895 solam
812 2835 895 2894 miles
917 2831 1095 2909 imperatori.

91 2920 194 2980 endem
212 2931 335 2982 'vocatur
358 2921 545 2981 obsidionalis
566 2920 697 2980 liberatis
720 2918 872 2979 obsidione
890 2912 1095 2977 abominando·

91 3021 148 3083 que
164 3007 242 3064 exitu
258 3006 326 3064 totis
343 3005 457 3064 castris.
491 3003 611 3083 quodsi
627 3003 737 3062 civicae
757 3003 851 3062 honos
867 3017 924 3060 uno
946 2999 1044 3075 aliquo
1060 3005 1126 3062 aaa

90 3087 140 3146 vel
165 3088 321 3148 humillimo
347 3089 411 3147 cive
440 3097 557 3161 servato
585 3087 754 3165 praeclarus
788 3101 931 3162 sacerque
961 3080 1095 3155 habetur,

56 3170 161 3250 enquid
181 3172 296 3232 tandem
319 3172 475 3231 existimari
490 3170 579 3231 debet
600 3170 682 3229 nnins
703 3170 808 3229 virtute
831 3174 962 3227 servatus
980 3165 1094 3223 univer-

93 3272 141 3314 sus
158 3251 325 3318 exercitus?
359 3253 489 3315 Dabatur
504 3255 578 3313 haec
594 3253 678 3312 viridi
692 3271 707 3311 e
723 3254 852 3338 gramine
873 3250 1014 3326 decerpto
1029 3245 1095 3305 inde

92 3335 141 3396 ubi
158 3341 299 3402 obsessos
320 3346 467 3398 servasset
485 3338 598 3415 aliquis.
632 3353 754 3414 namque
779 3351 915 3396 summurn
932 3330 1008 3408 apud
1025 3330 1094 3389 anti·

53 3488 59 3497 ,
94 3437 168 3498 quos
184 3425 293 3503 signum
308 3424 448 3484 victoriae
464 3430 526 3484 erat
541 3419 661 3482 herbam
676 3420 830 3498 porrigere
844 3418 954 3493 victos,
978 3413 1034 3475 hoc
1050 3421 1094 3474 est
