<?xml version="1.0" encoding="UTF-8"?>
<!DOCTYPE html PUBLIC "-//W3C//DTD XHTML 1.0 Transitional//EN"
    "http://www.w3.org/TR/xhtml1/DTD/xhtml1-transitional.dtd">
<html xmlns="http://www.w3.org/1999/xhtml" xml:lang="en" lang="en">
 <head>
  <title>
</title>
<meta http-equiv="Content-Type" content="text/html;charset=utf-8" />
  <meta name='ocr-system' content='tesseract 3.04.00' />
  <meta name='ocr-capabilities' content='ocr_page ocr_carea ocr_par ocr_line ocrx_word'/>
</head>
<body>
  <div class='ocr_page' id='page_1' title='image "./cplinisecundina04plingoog_0229.png"; bbox 0 0 2422 3840; ppageno 0'>
   <div class='ocr_carea' id='block_1_1' title="bbox 124 176 780 238">
    <p class='ocr_par' dir='ltr' id='par_1_1' title="bbox 124 176 780 238">
     <span class='ocr_line' id='line_1_1' title="bbox 124 176 780 238; baseline -0.006 -3"><span class='ocrx_word' id='word_1_1' title='bbox 124 176 182 238; x_wconf 81' lang='lat'><strong>170</strong></span> <span class='ocrx_word' id='word_1_2' title='bbox 470 185 780 235; x_wconf 78' lang='lat' dir='ltr'><strong>c.1&gt;nm1sncurro1</strong></span> 
     </span>
    </p>
   </div>
   <div class='ocr_carea' id='block_1_2' title="bbox 68 337 1163 3513">
    <p class='ocr_par' dir='ltr' id='par_1_2' title="bbox 75 337 1155 1004">
     <span class='ocr_line' id='line_1_2' title="bbox 122 337 1134 415; baseline -0.002 -13"><span class='ocrx_word' id='word_1_3' title='bbox 122 360 187 402; x_wconf 88' lang='lat' dir='ltr'><strong>cem</strong></span> <span class='ocrx_word' id='word_1_4' title='bbox 206 348 365 401; x_wconf 88' lang='lat' dir='ltr'><strong>transeunt.</strong></span> <span class='ocrx_word' id='word_1_5' title='bbox 402 339 508 400; x_wconf 91' lang='lat' dir='ltr'><strong>crudos</strong></span> <span class='ocrx_word' id='word_1_6' title='bbox 530 339 634 400; x_wconf 91' lang='lat' dir='ltr'><strong>medici</strong></span> <span class='ocrx_word' id='word_1_7' title='bbox 659 339 782 399; x_wconf 78' lang='lat' dir='ltr'><strong>suadent</strong></span> <span class='ocrx_word' id='word_1_8' title='bbox 803 338 840 399; x_wconf 89' lang='lat' dir='ltr'><strong>ad</strong></span> <span class='ocrx_word' id='word_1_9' title='bbox 862 337 1031 415; x_wconf 88' lang='lat' dir='ltr'><strong>colligenda</strong></span> <span class='ocrx_word' id='word_1_10' title='bbox 1051 340 1134 401; x_wconf 88' lang='lat' dir='ltr'><strong>acria</strong></span> 
     </span>
     <span class='ocr_line' id='line_1_3' title="bbox 121 420 1133 501; baseline -0.002 -16"><span class='ocrx_word' id='word_1_11' title='bbox 121 427 264 486; x_wconf 82' lang='lat' dir='ltr'><strong>uiscerum</strong></span> <span class='ocrx_word' id='word_1_12' title='bbox 279 423 389 484; x_wconf 90' lang='lat' dir='ltr'><strong>dandos</strong></span> <span class='ocrx_word' id='word_1_13' title='bbox 405 441 468 483; x_wconf 91' lang='lat' dir='ltr'><strong>cum</strong></span> <span class='ocrx_word' id='word_1_14' title='bbox 482 424 544 483; x_wconf 91' lang='lat' dir='ltr'><strong>sale</strong></span> <span class='ocrx_word' id='word_1_15' title='bbox 559 423 661 482; x_wconf 89' lang='lat' dir='ltr'><strong>ieiunis</strong></span> <span class='ocrx_word' id='word_1_16' title='bbox 677 440 756 499; x_wconf 87' lang='lat' dir='ltr'><strong>esse,</strong></span> <span class='ocrx_word' id='word_1_17' title='bbox 772 431 859 501; x_wconf 89' lang='lat' dir='ltr'><strong>atque</strong></span> <span class='ocrx_word' id='word_1_18' title='bbox 872 423 911 482; x_wconf 90' lang='lat' dir='ltr'><strong>ita</strong></span> <span class='ocrx_word' id='word_1_19' title='bbox 923 420 1133 483; x_wconf 75' lang='lat' dir='ltr'><strong>vomitionibus</strong></span> 
     </span>
     <span class='ocr_line' id='line_1_4' title="bbox 75 502 1133 587; baseline 0.003 -20"><span class='ocrx_word' id='word_1_20' title='bbox 75 516 297 587; x_wconf 71' lang='lat' dir='ltr'><strong>adpraeparant</strong></span> <span class='ocrx_word' id='word_1_21' title='bbox 331 502 465 566; x_wconf 89' lang='lat' dir='ltr'><strong>meatum.</strong></span> <span class='ocrx_word' id='word_1_22' title='bbox 508 507 623 566; x_wconf 88' lang='lat' dir='ltr'><strong>tradunt</strong></span> <span class='ocrx_word' id='word_1_23' title='bbox 654 516 683 566; x_wconf 90' lang='lat' dir='ltr'><strong>et</strong></span> <span class='ocrx_word' id='word_1_24' title='bbox 714 506 896 584; x_wconf 82' lang='lat' dir='ltr'><strong>praecordiis</strong></span> <span class='ocrx_word' id='word_1_25' title='bbox 928 507 1133 572; x_wconf 82' lang='lat' dir='ltr'><strong>necessarium</strong></span> 
     </span>
     <span class='ocr_line' id='line_1_5' title="bbox 120 588 1134 670; baseline 0 -20"><span class='ocrx_word' id='word_1_26' title='bbox 120 591 196 651; x_wconf 92' lang='lat' dir='ltr'><strong>hunc</strong></span> <span class='ocrx_word' id='word_1_27' title='bbox 214 609 324 667; x_wconf 91' lang='lat' dir='ltr'><strong>sucum,</strong></span> <span class='ocrx_word' id='word_1_28' title='bbox 342 592 456 670; x_wconf 89' lang='lat' dir='ltr'><strong>quando</strong></span> <span class='ocrx_word' id='word_1_29' title='bbox 472 590 650 670; x_wconf 80' lang='lat' dir='ltr'><strong>phthiriasim</strong></span> <span class='ocrx_word' id='word_1_30' title='bbox 667 590 749 650; x_wconf 91' lang='lat' dir='ltr'><strong>cordi</strong></span> <span class='ocrx_word' id='word_1_31' title='bbox 764 592 839 650; x_wconf 89' lang='lat' dir='ltr'><strong>intus</strong></span> <span class='ocrx_word' id='word_1_32' title='bbox 855 588 1058 650; x_wconf 77' lang='lat' dir='ltr'><strong>inhaerentem</strong></span> <span class='ocrx_word' id='word_1_33' title='bbox 1073 608 1134 650; x_wconf 88' lang='lat' dir='ltr'><strong>non</strong></span> 
     </span>
     <span class='ocr_line' id='line_1_6' title="bbox 121 673 1155 754; baseline 0.001 -20"><span class='ocrx_word' id='word_1_34' title='bbox 121 676 177 734; x_wconf 89' lang='lat' dir='ltr'><strong>alio</strong></span> <span class='ocrx_word' id='word_1_35' title='bbox 202 677 333 754; x_wconf 90' lang='lat' dir='ltr'><strong>potuisse</strong></span> <span class='ocrx_word' id='word_1_36' title='bbox 355 675 465 754; x_wconf 83' lang='lat' dir='ltr'><strong>depelli</strong></span> <span class='ocrx_word' id='word_1_37' title='bbox 484 683 654 752; x_wconf 91' lang='lat' dir='ltr'><strong>conpertum</strong></span> <span class='ocrx_word' id='word_1_38' title='bbox 671 676 708 734; x_wconf 89' lang='lat' dir='ltr'><strong>sit</strong></span> <span class='ocrx_word' id='word_1_39' title='bbox 721 675 750 733; x_wconf 92' lang='lat' dir='ltr'><strong>in</strong></span> <span class='ocrx_word' id='word_1_40' title='bbox 767 673 905 751; x_wconf 77' lang='lat' dir='ltr'><strong>Aegypto</strong></span> <span class='ocrx_word' id='word_1_41' title='bbox 923 673 1048 750; x_wconf 88' lang='lat' dir='ltr'><strong>regibus</strong></span> <span class='ocrx_word' id='word_1_42' title='bbox 1063 692 1155 735; x_wconf 83' lang='lat' dir='ltr'><strong>cor-s</strong></span> 
     </span>
     <span class='ocr_line' id='line_1_7' title="bbox 120 755 1133 838; baseline 0 -19"><span class='ocrx_word' id='word_1_43' title='bbox 120 777 192 838; x_wconf 86' lang='lat' dir='ltr'><strong>pora</strong></span> <span class='ocrx_word' id='word_1_44' title='bbox 211 768 388 819; x_wconf 91' lang='lat' dir='ltr'><strong>mortuorum</strong></span> <span class='ocrx_word' id='word_1_45' title='bbox 410 760 446 819; x_wconf 88' lang='lat' dir='ltr'><strong>ad</strong></span> <span class='ocrx_word' id='word_1_46' title='bbox 469 758 641 818; x_wconf 90' lang='lat' dir='ltr'><strong>scrutandos</strong></span> <span class='ocrx_word' id='word_1_47' title='bbox 663 757 781 817; x_wconf 88' lang='lat' dir='ltr'><strong>morbos</strong></span> <span class='ocrx_word' id='word_1_48' title='bbox 797 755 1002 816; x_wconf 77' lang='lat' dir='ltr'><strong>insonantibus.</strong></span> <span class='ocrx_word' id='word_1_49' title='bbox 1028 767 1133 837; x_wconf 86' lang='lat' dir='ltr'><strong>atque,</strong></span> 
     </span>
     <span class='ocr_line' id='line_1_8' title="bbox 119 838 1132 921; baseline 0 -18"><span class='ocrx_word' id='word_1_50' title='bbox 119 853 150 903; x_wconf 97' lang='lat' dir='ltr'><strong>ut</strong></span> <span class='ocrx_word' id='word_1_51' title='bbox 165 853 210 903; x_wconf 91' lang='lat' dir='ltr'><strong>est</strong></span> <span class='ocrx_word' id='word_1_52' title='bbox 222 843 335 904; x_wconf 90' lang='lat' dir='ltr'><strong>Graeca</strong></span> <span class='ocrx_word' id='word_1_53' title='bbox 349 845 471 918; x_wconf 87' lang='lat' dir='ltr'><strong>vanitas,</strong></span> <span class='ocrx_word' id='word_1_54' title='bbox 488 838 581 902; x_wconf 82' lang='lat' dir='ltr'><strong>fertur</strong></span> <span class='ocrx_word' id='word_1_55' title='bbox 594 842 743 921; x_wconf 89' lang='lat' dir='ltr'><strong>intemplo</strong></span> <span class='ocrx_word' id='word_1_56' title='bbox 757 840 902 919; x_wconf 79' lang='lat' dir='ltr'><strong>Apollinis</strong></span> <span class='ocrx_word' id='word_1_57' title='bbox 913 839 1042 918; x_wconf 88' lang='lat' dir='ltr'><strong>Delphis</strong></span> <span class='ocrx_word' id='word_1_58' title='bbox 1054 843 1132 903; x_wconf 83' lang='lat' dir='ltr'><strong>adeo</strong></span> 
     </span>
     <span class='ocr_line' id='line_1_9' title="bbox 121 925 1133 1004; baseline -0.001 -17"><span class='ocrx_word' id='word_1_59' title='bbox 121 929 229 988; x_wconf 90' lang='lat' dir='ltr'><strong>ceteris</strong></span> <span class='ocrx_word' id='word_1_60' title='bbox 246 927 319 987; x_wconf 92' lang='lat' dir='ltr'><strong>cibis</strong></span> <span class='ocrx_word' id='word_1_61' title='bbox 335 927 483 1004; x_wconf 90' lang='lat' dir='ltr'><strong>praelatus</strong></span> <span class='ocrx_word' id='word_1_62' title='bbox 498 926 659 1003; x_wconf 83' lang='lat' dir='ltr'><strong>raphanus,</strong></span> <span class='ocrx_word' id='word_1_63' title='bbox 679 934 711 984; x_wconf 95' lang='lat' dir='ltr'><strong>ut</strong></span> <span class='ocrx_word' id='word_1_64' title='bbox 727 943 765 984; x_wconf 92' lang='lat' dir='ltr'><strong>ex</strong></span> <span class='ocrx_word' id='word_1_65' title='bbox 782 942 853 985; x_wconf 90' lang='lat' dir='ltr'><strong>auro</strong></span> <span class='ocrx_word' id='word_1_66' title='bbox 870 925 1034 1000; x_wconf 89' lang='lat' dir='ltr'><strong>dicaretur,</strong></span> <span class='ocrx_word' id='word_1_67' title='bbox 1061 925 1133 986; x_wconf 86' lang='lat' dir='ltr'><strong>beta</strong></span> 
     </span>
    </p>

    <p class='ocr_par' dir='ltr' id='par_1_3' title="bbox 72 1007 1163 1589">
     <span class='ocr_line' id='line_1_10' title="bbox 72 1007 1133 1089; baseline -0.005 -14"><span class='ocrx_word' id='word_1_68' title='bbox 72 1021 111 1076; x_wconf 79' lang='grc'><strong>87</strong></span> <span class='ocrx_word' id='word_1_69' title='bbox 124 1030 162 1071; x_wconf 87' lang='lat' dir='ltr'><strong>ex</strong></span> <span class='ocrx_word' id='word_1_70' title='bbox 177 1019 309 1088; x_wconf 87' lang='lat' dir='ltr'><strong>argento,</strong></span> <span class='ocrx_word' id='word_1_71' title='bbox 327 1027 429 1089; x_wconf 88' lang='lat' dir='ltr'><strong>rapum</strong></span> <span class='ocrx_word' id='word_1_72' title='bbox 445 1028 462 1067; x_wconf 91' lang='lat' dir='ltr'><strong>e</strong></span> <span class='ocrx_word' id='word_1_73' title='bbox 475 1009 603 1089; x_wconf 91' lang='lat' dir='ltr'><strong>plumbo.</strong></span> <span class='ocrx_word' id='word_1_74' title='bbox 622 1010 714 1069; x_wconf 81' lang='lat' dir='ltr'><strong>sches</strong></span> <span class='ocrx_word' id='word_1_75' title='bbox 732 1026 790 1068; x_wconf 83' lang='lat' dir='ltr'><strong>non</strong></span> <span class='ocrx_word' id='word_1_76' title='bbox 803 1008 843 1068; x_wconf 94' lang='lat' dir='ltr'><strong>ibi</strong></span> <span class='ocrx_word' id='word_1_77' title='bbox 858 1008 985 1085; x_wconf 87' lang='lat' dir='ltr'><strong>genitum</strong></span> <span class='ocrx_word' id='word_1_78' title='bbox 1000 1007 1133 1070; x_wconf 86' lang='lat' dir='ltr'><strong>Manium</strong></span> 
     </span>
     <span class='ocr_line' id='line_1_11' title="bbox 121 1092 1163 1170; baseline -0.004 -17"><span class='ocrx_word' id='word_1_79' title='bbox 121 1092 236 1153; x_wconf 84' lang='lat' dir='ltr'><strong>Curium</strong></span> <span class='ocrx_word' id='word_1_80' title='bbox 251 1094 454 1170; x_wconf 87' lang='lat' dir='ltr'><strong>imperatorem</strong></span> <span class='ocrx_word' id='word_1_81' title='bbox 469 1109 565 1170; x_wconf 86' lang='lat' dir='ltr'><strong>quem,</strong></span> <span class='ocrx_word' id='word_1_82' title='bbox 581 1094 746 1153; x_wconf 89' lang='lat' dir='ltr'><strong>Samnitium</strong></span> <span class='ocrx_word' id='word_1_83' title='bbox 762 1093 866 1169; x_wconf 90' lang='lat' dir='ltr'><strong>legatis</strong></span> <span class='ocrx_word' id='word_1_84' title='bbox 878 1109 976 1151; x_wconf 90' lang='lat' dir='ltr'><strong>aurum</strong></span> <span class='ocrx_word' id='word_1_85' title='bbox 988 1094 1131 1170; x_wconf 89' lang='lat' dir='ltr'><strong>repudia·</strong></span> <span class='ocrx_word' id='word_1_86' title='bbox 1140 1107 1163 1150; x_wconf 84' lang='grc' dir='ltr'><strong>ιι</strong></span> 
     </span>
     <span class='ocr_line' id='line_1_12' title="bbox 120 1176 1131 1255; baseline 0.007 -21"><span class='ocrx_word' id='word_1_87' title='bbox 120 1187 184 1235; x_wconf 93' lang='lat' dir='ltr'><strong>turo</strong></span> <span class='ocrx_word' id='word_1_88' title='bbox 197 1176 405 1255; x_wconf 86' lang='lat' dir='ltr'><strong>adferentibus,</strong></span> <span class='ocrx_word' id='word_1_89' title='bbox 421 1193 521 1254; x_wconf 87' lang='lat' dir='ltr'><strong>rapum</strong></span> <span class='ocrx_word' id='word_1_90' title='bbox 533 1185 692 1236; x_wconf 88' lang='lat' dir='ltr'><strong>torrentem</strong></span> <span class='ocrx_word' id='word_1_91' title='bbox 711 1178 740 1234; x_wconf 92' lang='lat' dir='ltr'><strong>in</strong></span> <span class='ocrx_word' id='word_1_92' title='bbox 755 1177 824 1236; x_wconf 85' lang='lat' dir='ltr'><strong>loco</strong></span> <span class='ocrx_word' id='word_1_93' title='bbox 840 1177 985 1236; x_wconf 91' lang='lat' dir='ltr'><strong>inventum</strong></span> <span class='ocrx_word' id='word_1_94' title='bbox 1004 1177 1131 1241; x_wconf 82' lang='lat' dir='ltr'><strong>annales</strong></span> 
     </span>
     <span class='ocr_line' id='line_1_13' title="bbox 118 1255 1131 1343; baseline 0.004 -25"><span class='ocrx_word' id='word_1_95' title='bbox 118 1262 209 1320; x_wconf 89' lang='lat' dir='ltr'><strong>nostri</strong></span> <span class='ocrx_word' id='word_1_96' title='bbox 222 1261 389 1339; x_wconf 90' lang='lat' dir='ltr'><strong>prodidere.</strong></span> <span class='ocrx_word' id='word_1_97' title='bbox 407 1255 525 1339; x_wconf 81' lang='lat' dir='ltr'><strong>scripsit</strong></span> <span class='ocrx_word' id='word_1_98' title='bbox 536 1270 565 1320; x_wconf 91' lang='lat' dir='ltr'><strong>et</strong></span> <span class='ocrx_word' id='word_1_99' title='bbox 576 1258 866 1320; x_wconf 88' lang='lat' dir='ltr'><strong>llloschionGraecus</strong></span> <span class='ocrx_word' id='word_1_100' title='bbox 877 1278 963 1319; x_wconf 90' lang='lat' dir='ltr'><strong>unum</strong></span> <span class='ocrx_word' id='word_1_101' title='bbox 976 1259 1131 1343; x_wconf 85' lang='lat' dir='ltr'><strong>derapha·</strong></span> 
     </span>
     <span class='ocr_line' id='line_1_14' title="bbox 118 1343 1130 1423; baseline 0.003 -21"><span class='ocrx_word' id='word_1_102' title='bbox 118 1363 155 1403; x_wconf 90' lang='lat' dir='ltr'><strong>no</strong></span> <span class='ocrx_word' id='word_1_103' title='bbox 171 1345 315 1404; x_wconf 87' lang='lat' dir='ltr'><strong>volumen.</strong></span> <span class='ocrx_word' id='word_1_104' title='bbox 341 1345 483 1404; x_wconf 87' lang='lat' dir='ltr'><strong>utilissimi</strong></span> <span class='ocrx_word' id='word_1_105' title='bbox 501 1345 529 1402; x_wconf 90' lang='lat' dir='ltr'><strong>in</strong></span> <span class='ocrx_word' id='word_1_106' title='bbox 547 1345 619 1404; x_wconf 92' lang='lat' dir='ltr'><strong>cibis</strong></span> <span class='ocrx_word' id='word_1_107' title='bbox 636 1343 758 1403; x_wconf 89' lang='lat' dir='ltr'><strong>hiberno</strong></span> <span class='ocrx_word' id='word_1_108' title='bbox 771 1354 903 1421; x_wconf 88' lang='lat' dir='ltr'><strong>tempore</strong></span> <span class='ocrx_word' id='word_1_109' title='bbox 916 1344 1130 1423; x_wconf 86' lang='lat' dir='ltr'><strong>existimantur,</strong></span> 
     </span>
     <span class='ocr_line' id='line_1_15' title="bbox 118 1424 1130 1507; baseline 0.002 -21"><span class='ocrx_word' id='word_1_110' title='bbox 118 1424 1130 1507; x_wconf 86' lang='lat' dir='ltr'><strong>iidemquedentibussemperinimici,quoniamatterant.eboracerte</strong></span> 
     </span>
     <span class='ocr_line' id='line_1_16' title="bbox 119 1511 1162 1589; baseline -0.001 -18"><span class='ocrx_word' id='word_1_111' title='bbox 119 1512 240 1589; x_wconf 90' lang='lat' dir='ltr'><strong>poliunt.</strong></span> <span class='ocrx_word' id='word_1_112' title='bbox 260 1513 355 1572; x_wconf 94' lang='lat' dir='ltr'><strong>odium</strong></span> <span class='ocrx_word' id='word_1_113' title='bbox 369 1513 413 1572; x_wconf 90' lang='lat' dir='ltr'><strong>his</strong></span> <span class='ocrx_word' id='word_1_114' title='bbox 428 1531 490 1572; x_wconf 92' lang='lat' dir='ltr'><strong>cum</strong></span> <span class='ocrx_word' id='word_1_115' title='bbox 501 1513 560 1571; x_wconf 91' lang='lat' dir='ltr'><strong>vite</strong></span> <span class='ocrx_word' id='word_1_116' title='bbox 575 1529 746 1586; x_wconf 88' lang='lat' dir='ltr'><strong>maxumum,</strong></span> <span class='ocrx_word' id='word_1_117' title='bbox 760 1511 925 1588; x_wconf 84' lang='lat' dir='ltr'><strong>refugitque</strong></span> <span class='ocrx_word' id='word_1_118' title='bbox 939 1511 1019 1572; x_wconf 89' lang='lat' dir='ltr'><strong>iuxta</strong></span> <span class='ocrx_word' id='word_1_119' title='bbox 1032 1521 1127 1575; x_wconf 87' lang='lat' dir='ltr'><strong>satos.</strong></span> <span class='ocrx_word' id='word_1_120' title='bbox 1139 1528 1162 1570; x_wconf 83' lang='lat' dir='ltr'><strong>as</strong></span> 
     </span>
    </p>

    <p class='ocr_par' dir='ltr' id='par_1_4' title="bbox 71 1595 1159 2008">
     <span class='ocr_line' id='line_1_17' title="bbox 71 1595 1128 1676; baseline -0.002 -16"><span class='ocrx_word' id='word_1_121' title='bbox 71 1607 110 1660; x_wconf 83' lang='lat'><strong>-88</strong></span> <span class='ocrx_word' id='word_1_122' title='bbox 183 1597 266 1676; x_wconf 84' lang='grc'>(27.)</span> <span class='ocrx_word' id='word_1_123' title='bbox 290 1595 462 1673; x_wconf 78' lang='lat' dir='ltr'><strong>lignosiora</strong></span> <span class='ocrx_word' id='word_1_124' title='bbox 484 1604 550 1654; x_wconf 90' lang='lat' dir='ltr'><strong>sunt</strong></span> <span class='ocrx_word' id='word_1_125' title='bbox 572 1596 684 1674; x_wconf 87' lang='lat' dir='ltr'><strong>reliqua</strong></span> <span class='ocrx_word' id='word_1_126' title='bbox 707 1597 735 1654; x_wconf 91' lang='lat' dir='ltr'><strong>in</strong></span> <span class='ocrx_word' id='word_1_127' title='bbox 756 1595 955 1672; x_wconf 82' lang='lat' dir='ltr'><strong>cartilaginum</strong></span> <span class='ocrx_word' id='word_1_128' title='bbox 975 1613 1092 1671; x_wconf 91' lang='lat' dir='ltr'><strong>genere</strong></span> <span class='ocrx_word' id='word_1_129' title='bbox 1112 1616 1128 1658; x_wconf 84' lang='lat' dir='ltr'><strong>a</strong></span> 
     </span>
     <span class='ocr_line' id='line_1_18' title="bbox 118 1679 1127 1758; baseline 0.003 -21"><span class='ocrx_word' id='word_1_130' title='bbox 118 1679 201 1738; x_wconf 92' lang='lat' dir='ltr'><strong>nobis</strong></span> <span class='ocrx_word' id='word_1_131' title='bbox 226 1683 335 1758; x_wconf 87' lang='lat' dir='ltr'><strong>posita,</strong></span> <span class='ocrx_word' id='word_1_132' title='bbox 358 1683 517 1758; x_wconf 91' lang='lat' dir='ltr'><strong>mirumque</strong></span> <span class='ocrx_word' id='word_1_133' title='bbox 539 1679 670 1739; x_wconf 89' lang='lat' dir='ltr'><strong>omnibus</strong></span> <span class='ocrx_word' id='word_1_134' title='bbox 685 1679 896 1739; x_wconf 86' lang='lat' dir='ltr'><strong>vehementiam</strong></span> <span class='ocrx_word' id='word_1_135' title='bbox 911 1681 1027 1757; x_wconf 90' lang='lat' dir='ltr'><strong>saporis</strong></span> <span class='ocrx_word' id='word_1_136' title='bbox 1045 1697 1127 1740; x_wconf 88' lang='lat' dir='ltr'><strong>esse.</strong></span> 
     </span>
     <span class='ocr_line' id='line_1_19' title="bbox 119 1764 1127 1842; baseline 0.002 -20"><span class='ocrx_word' id='word_1_137' title='bbox 119 1782 156 1823; x_wconf 87' lang='lat' dir='ltr'><strong>ex</strong></span> <span class='ocrx_word' id='word_1_138' title='bbox 179 1764 222 1822; x_wconf 92' lang='lat' dir='ltr'><strong>his</strong></span> <span class='ocrx_word' id='word_1_139' title='bbox 244 1765 410 1842; x_wconf 80' lang='lat' dir='ltr'><strong>pastinacae</strong></span> <span class='ocrx_word' id='word_1_140' title='bbox 425 1781 509 1821; x_wconf 92' lang='lat' dir='ltr'><strong>unum</strong></span> <span class='ocrx_word' id='word_1_141' title='bbox 524 1781 616 1839; x_wconf 87' lang='lat' dir='ltr'><strong>genus</strong></span> <span class='ocrx_word' id='word_1_142' title='bbox 631 1773 748 1839; x_wconf 81' lang='lat' dir='ltr'><strong>agreste</strong></span> <span class='ocrx_word' id='word_1_143' title='bbox 766 1771 870 1840; x_wconf 91' lang='lat' dir='ltr'><strong>sponte</strong></span> <span class='ocrx_word' id='word_1_144' title='bbox 885 1764 1039 1840; x_wconf 89' lang='lat' dir='ltr'><strong>provenit,</strong></span> <span class='ocrx_word' id='word_1_145' title='bbox 1068 1772 1127 1824; x_wconf 88' lang='lat' dir='ltr'><strong>sta·</strong></span> 
     </span>
     <span class='ocr_line' id='line_1_20' title="bbox 119 1845 1127 1924; baseline 0.003 -19"><span class='ocrx_word' id='word_1_146' title='bbox 119 1847 253 1924; x_wconf 74' lang='lat' dir='ltr'><strong>phylinos</strong></span> <span class='ocrx_word' id='word_1_147' title='bbox 275 1845 387 1905; x_wconf 84' lang='lat' dir='ltr'><strong>Graece</strong></span> <span class='ocrx_word' id='word_1_148' title='bbox 410 1846 521 1905; x_wconf 90' lang='lat' dir='ltr'><strong>dicitur.</strong></span> <span class='ocrx_word' id='word_1_149' title='bbox 551 1847 672 1906; x_wconf 90' lang='lat' dir='ltr'><strong>alterum</strong></span> <span class='ocrx_word' id='word_1_150' title='bbox 694 1848 799 1906; x_wconf 88' lang='lat' dir='ltr'><strong>seritur</strong></span> <span class='ocrx_word' id='word_1_151' title='bbox 820 1845 919 1906; x_wconf 87' lang='lat' dir='ltr'><strong>radice</strong></span> <span class='ocrx_word' id='word_1_152' title='bbox 942 1847 991 1905; x_wconf 88' lang='lat' dir='ltr'><strong>vel</strong></span> <span class='ocrx_word' id='word_1_153' title='bbox 1012 1849 1127 1908; x_wconf 89' lang='lat' dir='ltr'><strong>semine</strong></span> 
     </span>
     <span class='ocr_line' id='line_1_21' title="bbox 117 1928 1159 2008; baseline -0.003 -20"><span class='ocrx_word' id='word_1_154' title='bbox 117 1948 188 1988; x_wconf 91' lang='lat' dir='ltr'><strong>vere</strong></span> <span class='ocrx_word' id='word_1_155' title='bbox 207 1931 300 2007; x_wconf 93' lang='lat' dir='ltr'><strong>primo</strong></span> <span class='ocrx_word' id='word_1_156' title='bbox 318 1929 366 1989; x_wconf 91' lang='lat' dir='ltr'><strong>vel</strong></span> <span class='ocrx_word' id='word_1_157' title='bbox 384 1938 533 2004; x_wconf 86' lang='lat' dir='ltr'><strong>autumno,</strong></span> <span class='ocrx_word' id='word_1_158' title='bbox 557 1939 586 1988; x_wconf 93' lang='lat' dir='ltr'><strong>ut</strong></span> <span class='ocrx_word' id='word_1_159' title='bbox 601 1929 715 2006; x_wconf 75' lang='lat' dir='ltr'><strong>Hygino</strong></span> <span class='ocrx_word' id='word_1_160' title='bbox 731 1931 839 2008; x_wconf 92' lang='lat' dir='ltr'><strong>placet,</strong></span> <span class='ocrx_word' id='word_1_161' title='bbox 857 1928 1036 2005; x_wconf 81' lang='lat' dir='ltr'><strong>Februario,</strong></span> <span class='ocrx_word' id='word_1_162' title='bbox 1065 1930 1159 1990; x_wconf 73' lang='lat' dir='ltr'><strong>uhu-m</strong></span> 
     </span>
    </p>

    <p class='ocr_par' dir='ltr' id='par_1_5' title="bbox 72 2010 1158 2595">
     <span class='ocr_line' id='line_1_22' title="bbox 72 2010 1126 2092; baseline 0.003 -22"><span class='ocrx_word' id='word_1_163' title='bbox 72 2021 215 2088; x_wconf 72' lang='lat' dir='ltr'><strong>angusto,</strong></span> <span class='ocrx_word' id='word_1_164' title='bbox 232 2011 408 2089; x_wconf 84' lang='lat' dir='ltr'><strong>Septembri,</strong></span> <span class='ocrx_word' id='word_1_165' title='bbox 426 2010 557 2092; x_wconf 88' lang='lat' dir='ltr'><strong>Octobri,</strong></span> <span class='ocrx_word' id='word_1_166' title='bbox 571 2013 637 2072; x_wconf 90' lang='lat' dir='ltr'><strong>solo</strong></span> <span class='ocrx_word' id='word_1_167' title='bbox 651 2031 734 2091; x_wconf 87' lang='lat' dir='ltr'><strong>quam</strong></span> <span class='ocrx_word' id='word_1_168' title='bbox 747 2014 887 2073; x_wconf 89' lang='lat' dir='ltr'><strong>altissime</strong></span> <span class='ocrx_word' id='word_1_169' title='bbox 899 2013 1029 2073; x_wconf 85' lang='lat' dir='ltr'><strong>relosso.</strong></span> <span class='ocrx_word' id='word_1_170' title='bbox 1045 2014 1126 2074; x_wconf 92' lang='lat' dir='ltr'><strong>anni·</strong></span> 
     </span>
     <span class='ocr_line' id='line_1_23' title="bbox 117 2095 1126 2175; baseline 0.004 -22"><span class='ocrx_word' id='word_1_171' title='bbox 117 2095 182 2154; x_wconf 91' lang='lat' dir='ltr'><strong>cula</strong></span> <span class='ocrx_word' id='word_1_172' title='bbox 197 2096 276 2154; x_wconf 90' lang='lat' dir='ltr'><strong>utilis</strong></span> <span class='ocrx_word' id='word_1_173' title='bbox 293 2113 360 2154; x_wconf 91' lang='lat' dir='ltr'><strong>esse</strong></span> <span class='ocrx_word' id='word_1_174' title='bbox 377 2096 491 2173; x_wconf 92' lang='lat' dir='ltr'><strong>incipit,</strong></span> <span class='ocrx_word' id='word_1_175' title='bbox 506 2095 582 2156; x_wconf 86' lang='lat' dir='ltr'><strong>bima</strong></span> <span class='ocrx_word' id='word_1_176' title='bbox 598 2097 711 2173; x_wconf 88' lang='lat' dir='ltr'><strong>utilior,</strong></span> <span class='ocrx_word' id='word_1_177' title='bbox 726 2100 837 2174; x_wconf 90' lang='lat' dir='ltr'><strong>gratior</strong></span> <span class='ocrx_word' id='word_1_178' title='bbox 852 2106 986 2156; x_wconf 93' lang='lat' dir='ltr'><strong>autumno</strong></span> <span class='ocrx_word' id='word_1_179' title='bbox 1002 2099 1126 2175; x_wconf 86' lang='lat' dir='ltr'><strong>patinis·</strong></span> 
     </span>
     <span class='ocr_line' id='line_1_24' title="bbox 118 2180 1125 2259; baseline 0.003 -21"><span class='ocrx_word' id='word_1_180' title='bbox 118 2197 174 2257; x_wconf 88' lang='lat' dir='ltr'><strong>que</strong></span> <span class='ocrx_word' id='word_1_181' title='bbox 194 2198 342 2254; x_wconf 85' lang='lat' dir='ltr'><strong>maxume,</strong></span> <span class='ocrx_word' id='word_1_182' title='bbox 366 2190 395 2240; x_wconf 88' lang='lat' dir='ltr'><strong>et</strong></span> <span class='ocrx_word' id='word_1_183' title='bbox 417 2181 460 2240; x_wconf 89' lang='lat' dir='ltr'><strong>sic</strong></span> <span class='ocrx_word' id='word_1_184' title='bbox 482 2198 599 2259; x_wconf 88' lang='lat' dir='ltr'><strong>quoque</strong></span> <span class='ocrx_word' id='word_1_185' title='bbox 620 2182 700 2242; x_wconf 88' lang='lat' dir='ltr'><strong>virus</strong></span> <span class='ocrx_word' id='word_1_186' title='bbox 715 2180 898 2241; x_wconf 87' lang='lat' dir='ltr'><strong>intractabile</strong></span> <span class='ocrx_word' id='word_1_187' title='bbox 915 2180 957 2241; x_wconf 92' lang='lat' dir='ltr'><strong>illi</strong></span> <span class='ocrx_word' id='word_1_188' title='bbox 972 2188 1028 2240; x_wconf 88' lang='lat' dir='ltr'><strong>est.</strong></span> <span class='ocrx_word' id='word_1_189' title='bbox 1076 2181 1125 2241; x_wconf 91' lang='lat' dir='ltr'><strong>lli·</strong></span> 
     </span>
     <span class='ocr_line' id='line_1_25' title="bbox 117 2263 1125 2344; baseline 0.002 -21"><span class='ocrx_word' id='word_1_190' title='bbox 117 2263 227 2324; x_wconf 90' lang='lat' dir='ltr'><strong>biscnm</strong></span> <span class='ocrx_word' id='word_1_191' title='bbox 243 2283 259 2324; x_wconf 89' lang='lat' dir='ltr'><strong>a</strong></span> <span class='ocrx_word' id='word_1_192' title='bbox 277 2267 424 2344; x_wconf 89' lang='lat' dir='ltr'><strong>pastinaca</strong></span> <span class='ocrx_word' id='word_1_193' title='bbox 442 2266 605 2342; x_wconf 87' lang='lat' dir='ltr'><strong>gracilitate</strong></span> <span class='ocrx_word' id='word_1_194' title='bbox 621 2266 722 2342; x_wconf 87' lang='lat' dir='ltr'><strong>distat,</strong></span> <span class='ocrx_word' id='word_1_195' title='bbox 744 2266 904 2326; x_wconf 89' lang='lat' dir='ltr'><strong>damnatum</strong></span> <span class='ocrx_word' id='word_1_196' title='bbox 918 2266 946 2323; x_wconf 92' lang='lat' dir='ltr'><strong>in</strong></span> <span class='ocrx_word' id='word_1_197' title='bbox 961 2263 1053 2340; x_wconf 91' lang='lat' dir='ltr'><strong>cibis,</strong></span> <span class='ocrx_word' id='word_1_198' title='bbox 1071 2265 1125 2325; x_wconf 91' lang='lat' dir='ltr'><strong>sed</strong></span> 
     </span>
     <span class='ocr_line' id='line_1_26' title="bbox 116 2348 1158 2427; baseline -0.004 -20"><span class='ocrx_word' id='word_1_199' title='bbox 116 2349 276 2409; x_wconf 88' lang='lat' dir='ltr'><strong>medicinae</strong></span> <span class='ocrx_word' id='word_1_200' title='bbox 298 2349 378 2408; x_wconf 68' lang='lat' dir='ltr'><strong>utile·</strong></span> <span class='ocrx_word' id='word_1_201' title='bbox 409 2358 454 2408; x_wconf 92' lang='lat' dir='ltr'><strong>est</strong></span> <span class='ocrx_word' id='word_1_202' title='bbox 474 2358 503 2408; x_wconf 91' lang='lat' dir='ltr'><strong>et</strong></span> <span class='ocrx_word' id='word_1_203' title='bbox 523 2357 653 2427; x_wconf 89' lang='lat' dir='ltr'><strong>quartum</strong></span> <span class='ocrx_word' id='word_1_204' title='bbox 667 2367 760 2426; x_wconf 91' lang='lat' dir='ltr'><strong>genus</strong></span> <span class='ocrx_word' id='word_1_205' title='bbox 775 2350 803 2406; x_wconf 94' lang='lat' dir='ltr'><strong>in</strong></span> <span class='ocrx_word' id='word_1_206' title='bbox 819 2348 922 2408; x_wconf 90' lang='lat' dir='ltr'><strong>eadem</strong></span> <span class='ocrx_word' id='word_1_207' title='bbox 936 2348 1158 2410; x_wconf 77' lang='lat' dir='ltr'><strong>similitudinem</strong></span> 
     </span>
     <span class='ocr_line' id='line_1_27' title="bbox 116 2431 1124 2509; baseline -0.001 -17"><span class='ocrx_word' id='word_1_208' title='bbox 116 2434 283 2509; x_wconf 89' lang='lat' dir='ltr'><strong>pastinacae</strong></span> <span class='ocrx_word' id='word_1_209' title='bbox 300 2450 383 2509; x_wconf 84' lang='lat' dir='ltr'><strong>quam</strong></span> <span class='ocrx_word' id='word_1_210' title='bbox 398 2434 489 2491; x_wconf 92' lang='lat' dir='ltr'><strong>nostri</strong></span> <span class='ocrx_word' id='word_1_211' title='bbox 504 2431 642 2492; x_wconf 83' lang='lat' dir='ltr'><strong>Gallicam</strong></span> <span class='ocrx_word' id='word_1_212' title='bbox 656 2441 772 2508; x_wconf 87' lang='lat' dir='ltr'><strong>vocant,</strong></span> <span class='ocrx_word' id='word_1_213' title='bbox 790 2431 894 2492; x_wconf 90' lang='lat' dir='ltr'><strong>Graeci</strong></span> <span class='ocrx_word' id='word_1_214' title='bbox 908 2448 980 2491; x_wconf 87' lang='lat' dir='ltr'><strong>vero</strong></span> <span class='ocrx_word' id='word_1_215' title='bbox 995 2431 1124 2508; x_wconf 89' lang='lat' dir='ltr'><strong>daucoo,</strong></span> 
     </span>
     <span class='ocr_line' id='line_1_28' title="bbox 118 2513 1100 2595; baseline -0.001 -20"><span class='ocrx_word' id='word_1_216' title='bbox 118 2517 197 2575; x_wconf 91' lang='lat' dir='ltr'><strong>cuius</strong></span> <span class='ocrx_word' id='word_1_217' title='bbox 213 2532 322 2590; x_wconf 86' lang='lat' dir='ltr'><strong>genera</strong></span> <span class='ocrx_word' id='word_1_218' title='bbox 338 2517 423 2574; x_wconf 89' lang='lat' dir='ltr'><strong>etiam</strong></span> <span class='ocrx_word' id='word_1_219' title='bbox 441 2523 575 2592; x_wconf 88' lang='lat' dir='ltr'><strong>quattuor</strong></span> <span class='ocrx_word' id='word_1_220' title='bbox 588 2515 699 2595; x_wconf 86' lang='lat' dir='ltr'><strong>iecere,</strong></span> <span class='ocrx_word' id='word_1_221' title='bbox 716 2517 791 2575; x_wconf 90' lang='lat' dir='ltr'><strong>inter</strong></span> <span class='ocrx_word' id='word_1_222' title='bbox 805 2515 917 2574; x_wconf 89' lang='lat' dir='ltr'><strong>medica</strong></span> <span class='ocrx_word' id='word_1_223' title='bbox 932 2513 1100 2574; x_wconf 89' lang='lat' dir='ltr'><strong>dicendum.</strong></span> 
     </span>
    </p>

    <p class='ocr_par' dir='ltr' id='par_1_6' title="bbox 69 2596 1158 3262">
     <span class='ocr_line' id='line_1_29' title="bbox 69 2596 1124 2678; baseline 0.003 -23"><span class='ocrx_word' id='word_1_224' title='bbox 69 2609 109 2661; x_wconf 75' lang='lat'><strong>90</strong></span> <span class='ocrx_word' id='word_1_225' title='bbox 180 2597 263 2675; x_wconf 84' lang='lat'>(28.)</span> <span class='ocrx_word' id='word_1_226' title='bbox 285 2598 367 2657; x_wconf 91' lang='lat' dir='ltr'><strong>Siser</strong></span> <span class='ocrx_word' id='word_1_227' title='bbox 388 2607 417 2657; x_wconf 87' lang='lat' dir='ltr'><strong>et</strong></span> <span class='ocrx_word' id='word_1_228' title='bbox 437 2600 529 2676; x_wconf 90' lang='lat' dir='ltr'><strong>ipsum</strong></span> <span class='ocrx_word' id='word_1_229' title='bbox 546 2596 679 2658; x_wconf 84' lang='lat' dir='ltr'><strong>&#39;liberius</strong></span> <span class='ocrx_word' id='word_1_230' title='bbox 702 2600 841 2678; x_wconf 89' lang='lat' dir='ltr'><strong>princeps</strong></span> <span class='ocrx_word' id='word_1_231' title='bbox 861 2597 1023 2658; x_wconf 87' lang='lat' dir='ltr'><strong>nobilitavit</strong></span> <span class='ocrx_word' id='word_1_232' title='bbox 1038 2597 1124 2676; x_wconf 88' lang='lat' dir='ltr'><strong>ilagi·</strong></span> 
     </span>
     <span class='ocr_line' id='line_1_30' title="bbox 115 2679 1124 2761; baseline 0.003 -23"><span class='ocrx_word' id='word_1_233' title='bbox 115 2689 178 2738; x_wconf 90' lang='lat' dir='ltr'><strong>taus</strong></span> <span class='ocrx_word' id='word_1_234' title='bbox 194 2679 325 2739; x_wconf 91' lang='lat' dir='ltr'><strong>omnibus</strong></span> <span class='ocrx_word' id='word_1_235' title='bbox 339 2684 419 2739; x_wconf 87' lang='lat' dir='ltr'><strong>annis</strong></span> <span class='ocrx_word' id='word_1_236' title='bbox 432 2699 447 2740; x_wconf 91' lang='lat' dir='ltr'><strong>a</strong></span> <span class='ocrx_word' id='word_1_237' title='bbox 461 2680 621 2741; x_wconf 88' lang='lat' dir='ltr'><strong>Germania.</strong></span> <span class='ocrx_word' id='word_1_238' title='bbox 648 2680 779 2742; x_wconf 87' lang='lat' dir='ltr'><strong>Gelduba</strong></span> <span class='ocrx_word' id='word_1_239' title='bbox 792 2682 955 2761; x_wconf 89' lang='lat' dir='ltr'><strong>appellatur</strong></span> <span class='ocrx_word' id='word_1_240' title='bbox 968 2681 1124 2742; x_wconf 88' lang='lat' dir='ltr'><strong>castellum</strong></span> 
     </span>
     <span class='ocr_line' id='line_1_31' title="bbox 116 2763 1155 2845; baseline -0.003 -23"><span class='ocrx_word' id='word_1_241' title='bbox 116 2763 219 2822; x_wconf 88' lang='lat' dir='ltr'><strong>Rheno</strong></span> <span class='ocrx_word' id='word_1_242' title='bbox 240 2765 394 2840; x_wconf 90' lang='lat' dir='ltr'><strong>inpositum</strong></span> <span class='ocrx_word' id='word_1_243' title='bbox 412 2765 460 2824; x_wconf 93' lang='lat' dir='ltr'><strong>ubi</strong></span> <span class='ocrx_word' id='word_1_244' title='bbox 475 2765 659 2840; x_wconf 87' lang='lat' dir='ltr'><strong>generositas</strong></span> <span class='ocrx_word' id='word_1_245' title='bbox 673 2767 849 2844; x_wconf 88' lang='lat' dir='ltr'><strong>praecipua,</strong></span> <span class='ocrx_word' id='word_1_246' title='bbox 872 2784 910 2825; x_wconf 90' lang='lat' dir='ltr'><strong>ex</strong></span> <span class='ocrx_word' id='word_1_247' title='bbox 924 2782 981 2843; x_wconf 87' lang='lat' dir='ltr'><strong>quo</strong></span> <span class='ocrx_word' id='word_1_248' title='bbox 998 2765 1155 2845; x_wconf 87' lang='lat' dir='ltr'><strong>adparetso</strong></span> 
     </span>
     <span class='ocr_line' id='line_1_32' title="bbox 116 2847 1124 2926; baseline 0.001 -20"><span class='ocrx_word' id='word_1_249' title='bbox 116 2847 227 2924; x_wconf 85' lang='lat' dir='ltr'><strong>frigidis</strong></span> <span class='ocrx_word' id='word_1_250' title='bbox 243 2847 317 2906; x_wconf 94' lang='lat' dir='ltr'><strong>locis</strong></span> <span class='ocrx_word' id='word_1_251' title='bbox 332 2850 497 2907; x_wconf 90' lang='lat' dir='ltr'><strong>convenire.</strong></span> <span class='ocrx_word' id='word_1_252' title='bbox 515 2848 591 2907; x_wconf 88' lang='lat' dir='ltr'><strong>inest</strong></span> <span class='ocrx_word' id='word_1_253' title='bbox 606 2847 784 2924; x_wconf 85' lang='lat' dir='ltr'><strong>lungitudine</strong></span> <span class='ocrx_word' id='word_1_254' title='bbox 799 2866 907 2909; x_wconf 86' lang='lat' dir='ltr'><strong>nervos</strong></span> <span class='ocrx_word' id='word_1_255' title='bbox 923 2850 971 2926; x_wconf 88' lang='lat' dir='ltr'><strong>qui</strong></span> <span class='ocrx_word' id='word_1_256' title='bbox 987 2847 1124 2909; x_wconf 91' lang='lat' dir='ltr'><strong>decoctis</strong></span> 
     </span>
     <span class='ocr_line' id='line_1_33' title="bbox 118 2931 1124 3010; baseline 0.003 -22"><span class='ocrx_word' id='word_1_257' title='bbox 118 2931 293 3004; x_wconf 87' lang='lat' dir='ltr'><strong>extrahitur,</strong></span> <span class='ocrx_word' id='word_1_258' title='bbox 322 2932 516 2990; x_wconf 89' lang='lat' dir='ltr'><strong>amaritudinis</strong></span> <span class='ocrx_word' id='word_1_259' title='bbox 542 2940 639 2990; x_wconf 88' lang='lat' dir='ltr'><strong>tamen</strong></span> <span class='ocrx_word' id='word_1_260' title='bbox 662 2949 766 3009; x_wconf 87' lang='lat' dir='ltr'><strong>magna</strong></span> <span class='ocrx_word' id='word_1_261' title='bbox 787 2941 871 3010; x_wconf 90' lang='lat' dir='ltr'><strong>parte</strong></span> <span class='ocrx_word' id='word_1_262' title='bbox 891 2933 1012 3007; x_wconf 87' lang='lat' dir='ltr'><strong>relicta,</strong></span> <span class='ocrx_word' id='word_1_263' title='bbox 1045 2949 1124 3009; x_wconf 84' lang='lat' dir='ltr'><strong>quae</strong></span> 
     </span>
     <span class='ocr_line' id='line_1_34' title="bbox 115 3013 1125 3093; baseline 0.003 -23"><span class='ocrx_word' id='word_1_264' title='bbox 115 3014 209 3072; x_wconf 90' lang='lat' dir='ltr'><strong>mulso</strong></span> <span class='ocrx_word' id='word_1_265' title='bbox 221 3016 248 3072; x_wconf 92' lang='lat' dir='ltr'><strong>in</strong></span> <span class='ocrx_word' id='word_1_266' title='bbox 262 3013 332 3073; x_wconf 92' lang='lat' dir='ltr'><strong>cibis</strong></span> <span class='ocrx_word' id='word_1_267' title='bbox 343 3015 597 3093; x_wconf 87' lang='lat' dir='ltr'><strong>temperataetiam</strong></span> <span class='ocrx_word' id='word_1_268' title='bbox 609 3016 770 3092; x_wconf 89' lang='lat' dir='ltr'><strong>ingratiam</strong></span> <span class='ocrx_word' id='word_1_269' title='bbox 780 3016 909 3075; x_wconf 85' lang='lat' dir='ltr'><strong>uertitur.</strong></span> <span class='ocrx_word' id='word_1_270' title='bbox 923 3031 1033 3075; x_wconf 86' lang='lat' dir='ltr'><strong>neruos</strong></span> <span class='ocrx_word' id='word_1_271' title='bbox 1043 3015 1125 3075; x_wconf 86' lang='lat' dir='ltr'><strong>idern</strong></span> 
     </span>
     <span class='ocr_line' id='line_1_35' title="bbox 117 3097 1124 3175; baseline 0.004 -20"><span class='ocrx_word' id='word_1_272' title='bbox 117 3105 145 3155; x_wconf 91' lang='lat' dir='ltr'><strong>et</strong></span> <span class='ocrx_word' id='word_1_273' title='bbox 163 3098 328 3175; x_wconf 87' lang='lat' dir='ltr'><strong>pastinacae</strong></span> <span class='ocrx_word' id='word_1_274' title='bbox 347 3099 464 3173; x_wconf 90' lang='lat' dir='ltr'><strong>maiori,</strong></span> <span class='ocrx_word' id='word_1_275' title='bbox 482 3097 627 3159; x_wconf 87' lang='lat' dir='ltr'><strong>dumtaxat</strong></span> <span class='ocrx_word' id='word_1_276' title='bbox 645 3098 805 3159; x_wconf 90' lang='lat' dir='ltr'><strong>anniculae.</strong></span> <span class='ocrx_word' id='word_1_277' title='bbox 831 3100 932 3159; x_wconf 89' lang='lat' dir='ltr'><strong>siseris</strong></span> <span class='ocrx_word' id='word_1_278' title='bbox 948 3107 1028 3159; x_wconf 90' lang='lat' dir='ltr'><strong>satus</strong></span> <span class='ocrx_word' id='word_1_279' title='bbox 1041 3117 1124 3159; x_wconf 90' lang='lat' dir='ltr'><strong>men·</strong></span> 
     </span>
     <span class='ocr_line' id='line_1_36' title="bbox 115 3179 1158 3262; baseline 0.003 -24"><span class='ocrx_word' id='word_1_280' title='bbox 115 3179 195 3239; x_wconf 88' lang='lat' dir='ltr'><strong>sibus</strong></span> <span class='ocrx_word' id='word_1_281' title='bbox 210 3179 379 3257; x_wconf 82' lang='lat' dir='ltr'><strong>Februario,</strong></span> <span class='ocrx_word' id='word_1_282' title='bbox 393 3181 506 3257; x_wconf 85' lang='lat' dir='ltr'><strong>lilartio,</strong></span> <span class='ocrx_word' id='word_1_283' title='bbox 519 3182 623 3262; x_wconf 76' lang='lat' dir='ltr'><strong>aprili,</strong></span> <span class='ocrx_word' id='word_1_284' title='bbox 636 3182 780 3260; x_wconf 80' lang='lat' dir='ltr'><strong>Augusto,</strong></span> <span class='ocrx_word' id='word_1_285' title='bbox 796 3182 972 3261; x_wconf 83' lang='lat' dir='ltr'><strong>Septembri,</strong></span> <span class='ocrx_word' id='word_1_286' title='bbox 986 3180 1158 3242; x_wconf 68' lang='lat' dir='ltr'><strong>Octobriue</strong></span> 
     </span>
    </p>

    <p class='ocr_par' dir='ltr' id='par_1_7' title="bbox 68 3263 1127 3513">
     <span class='ocr_line' id='line_1_37' title="bbox 68 3263 1125 3345; baseline -0.001 -17"><span class='ocrx_word' id='word_1_287' title='bbox 68 3274 125 3345; x_wconf 68' lang='lat'><strong>91„</strong></span> <span class='ocrx_word' id='word_1_288' title='bbox 182 3263 266 3344; x_wconf 88' lang='grc'>(29.)</span> <span class='ocrx_word' id='word_1_289' title='bbox 289 3265 411 3326; x_wconf 85' lang='lat' dir='ltr'><strong>Brevior</strong></span> <span class='ocrx_word' id='word_1_290' title='bbox 434 3266 478 3325; x_wconf 91' lang='lat' dir='ltr'><strong>his</strong></span> <span class='ocrx_word' id='word_1_291' title='bbox 503 3276 548 3326; x_wconf 87' lang='lat' dir='ltr'><strong>est</strong></span> <span class='ocrx_word' id='word_1_292' title='bbox 569 3276 598 3327; x_wconf 91' lang='lat' dir='ltr'><strong>et</strong></span> <span class='ocrx_word' id='word_1_293' title='bbox 619 3268 747 3327; x_wconf 88' lang='lat' dir='ltr'><strong>torosior</strong></span> <span class='ocrx_word' id='word_1_294' title='bbox 767 3267 948 3344; x_wconf 85' lang='lat' dir='ltr'><strong>amariorque</strong></span> <span class='ocrx_word' id='word_1_295' title='bbox 969 3266 1048 3326; x_wconf 90' lang='lat' dir='ltr'><strong>inula</strong></span> <span class='ocrx_word' id='word_1_296' title='bbox 1067 3285 1125 3345; x_wconf 89' lang='lat' dir='ltr'><strong>per</strong></span> 
     </span>
     <span class='ocr_line' id='line_1_38' title="bbox 115 3349 1125 3427; baseline 0.009 -21"><span class='ocrx_word' id='word_1_297' title='bbox 115 3365 149 3407; x_wconf 91' lang='lat' dir='ltr'><strong>se</strong></span> <span class='ocrx_word' id='word_1_298' title='bbox 165 3349 314 3410; x_wconf 89' lang='lat' dir='ltr'><strong>stomacho</strong></span> <span class='ocrx_word' id='word_1_299' title='bbox 330 3351 533 3427; x_wconf 87' lang='lat' dir='ltr'><strong>inimicissima,</strong></span> <span class='ocrx_word' id='word_1_300' title='bbox 550 3351 652 3411; x_wconf 88' lang='lat' dir='ltr'><strong>eadem</strong></span> <span class='ocrx_word' id='word_1_301' title='bbox 667 3349 799 3410; x_wconf 90' lang='lat' dir='ltr'><strong>dulcibus</strong></span> <span class='ocrx_word' id='word_1_302' title='bbox 811 3351 906 3409; x_wconf 84' lang='lat' dir='ltr'><strong>mixtis</strong></span> <span class='ocrx_word' id='word_1_303' title='bbox 918 3349 1125 3416; x_wconf 83' lang='lat' dir='ltr'><strong>saluberrima.</strong></span> 
     </span>
     <span class='ocr_line' id='line_1_39' title="bbox 115 3430 1127 3513; baseline 0.006 -24"><span class='ocrx_word' id='word_1_304' title='bbox 115 3430 246 3509; x_wconf 91' lang='lat' dir='ltr'><strong>pluribus</strong></span> <span class='ocrx_word' id='word_1_305' title='bbox 266 3433 359 3493; x_wconf 88' lang='lat' dir='ltr'><strong>modis</strong></span> <span class='ocrx_word' id='word_1_306' title='bbox 380 3436 548 3495; x_wconf 89' lang='lat' dir='ltr'><strong>austeritate</strong></span> <span class='ocrx_word' id='word_1_307' title='bbox 573 3436 649 3495; x_wconf 90' lang='lat' dir='ltr'><strong>victa</strong></span> <span class='ocrx_word' id='word_1_308' title='bbox 671 3434 791 3511; x_wconf 88' lang='lat' dir='ltr'><strong>gratiam</strong></span> <span class='ocrx_word' id='word_1_309' title='bbox 804 3434 923 3493; x_wconf 87' lang='lat' dir='ltr'><strong>invenit.</strong></span> <span class='ocrx_word' id='word_1_310' title='bbox 949 3451 1076 3513; x_wconf 86' lang='lat' dir='ltr'><strong>namque</strong></span> <span class='ocrx_word' id='word_1_311' title='bbox 1094 3443 1127 3497; x_wconf 89' lang='lat' dir='ltr'><strong>et</strong></span> 
     </span>
    </p>
   </div>
   <div class='ocr_carea' id='block_1_3' title="bbox 0 0 1216 3840">
    <p class='ocr_par' dir='ltr' id='par_1_8' title="bbox 0 0 1216 3840">
     <span class='ocr_line' id='line_1_40' title="bbox 0 0 1216 3840; baseline 0 3"><span class='ocrx_word' id='word_1_312' title='bbox 0 0 1216 3840; x_wconf 95' lang='lat' dir='ltr'><strong> </strong></span> 
     </span>
    </p>
   </div>
  </div>
 </body>
</html>
