2422 3840
301 168 307 185 '
341 201 421 248 usn.
437 199 528 247 urar.
545 199 617 246 xxa.
633 197 753 249 no-an.
772 187 925 264 (at-93.)
1070 187 1128 246 261

129 363 160 414 et
181 370 329 413 verrucas.
366 351 572 412 coxendicibus
597 353 742 430 inponitur
763 370 826 411 oum
848 353 933 427 vino,
961 353 1132 413 articulariis

128 436 237 496 morbis
253 445 281 494 et
297 436 402 495 luxatis
417 435 511 494 tritum
527 452 562 494 ac
578 435 661 494 lanae
678 436 838 513 inspersum
850 454 889 494 ex
901 435 980 512 oleo,
994 436 1131 497 ambustis

130 538 194 580 cum
214 519 300 597 adipe
320 517 417 582 suillo.
449 517 516 577 dant
537 526 566 576 et
586 519 736 595 potionem
758 518 929 578 articulariis
947 520 1030 578 novis
1048 523 1132 580 trium

130 602 281 664 obolorum
300 602 432 681 pondere
451 602 480 659 in
494 601 584 660 tribus
600 603 674 661 aceti
690 611 719 660 et
732 600 842 678 mellis,
865 611 895 661 et
910 603 938 662 in
952 602 1067 663 fastidio
1084 605 1133 663 tri·

105 695 187 747 otum
202 704 265 745 cum
280 685 352 745 sale.
1054 714 1056 719 ·

191 769 275 849 (90.)
296 767 517 828 Hemerocalles
544 767 713 846 pallidume
739 765 824 825 viridi
850 775 879 825 et
903 767 992 826 molle
1014 769 1113 829 lolium
1128 780 1176 834 158

128 852 227 932 habet,
242 852 341 912 radice
352 852 483 926 odorata,
500 869 574 930 quae
586 849 710 910 bulbosa
728 868 792 909 cunr
799 850 890 909 melle
901 851 1025 928 inposita
1040 856 1134 913 ventri

130 953 219 1013 aquas
247 935 331 1013 pellit
357 945 387 995 et
407 936 573 1012 sanguinem
599 936 683 994 etiarn
704 934 841 993 inutilem.
881 934 952 993 lolia
981 935 1133 1012 epiphoris

134 1019 283 1082 oculorum
298 1036 536 1097 mammarumque
550 1026 618 1096 post
632 1026 744 1096 partum
760 1015 909 1077 doloribus
928 1017 1091 1078 inlinuntur.

96 1115 122 1158 ro
194 1101 277 1180 (91.)
296 1100 447 1161 Helenium
471 1103 507 1160 ab
528 1100 657 1177 Helena,
678 1109 708 1161 ut
730 1100 868 1176 diximus,
896 1109 990 1160 natum
1011 1102 1112 1162 favere
1126 1113 1175 1168 159

131 1186 258 1245 creditur
277 1185 405 1260 formae,
427 1194 520 1244 cutem
546 1185 693 1245 mulierum
720 1185 748 1241 in
772 1184 847 1244 iacis
868 1185 1039 1263 reliquoque
1068 1187 1166 1245 cor-⁵⁹

129 1287 203 1348 pore
223 1271 332 1328 nutrire
344 1270 550 1346 incorruptam.
589 1276 744 1345 praetcrea
765 1276 865 1345 putant
887 1286 940 1326 usu
962 1271 1024 1328 eius
1047 1287 1133 1346 quan-

130 1353 195 1412 dam
221 1354 260 1411 ita
280 1353 400 1428 gratiam
416 1351 452 1409 iis
467 1368 663 1430 veneremque
683 1351 842 1409 conciliari.
875 1350 1030 1411 attribuunt
1046 1361 1075 1411 et
1092 1353 1132 1412 hi·

130 1435 253 1495 laritatis
269 1434 404 1494 ellectum
420 1434 514 1493 eidem
533 1443 622 1511 potae
643 1435 671 1492 in
685 1434 753 1491 vino
778 1450 901 1509 eumque
919 1451 1003 1510 quem
1025 1434 1133 1495 habue-

95 1542 121 1583 1a
130 1519 168 1577 rit
180 1518 342 1595 nepenthes
357 1517 428 1576 illnd
444 1516 639 1594 praedicatum
654 1515 691 1576 ab
705 1515 847 1592 Homero,
871 1533 928 1594 quo
943 1517 1057 1576 tristitia
1075 1535 1134 1578 om·

130 1603 174 1660 nis
200 1600 377 1660 aboleretur.
410 1609 455 1659 est
472 1608 565 1660 autem
593 1601 654 1660 suci
683 1599 857 1677 praedulcis.
889 1601 1011 1678 prodest
1040 1611 1068 1660 ct
1088 1620 1133 1662 or·
1187 1605 1190 1609 ’

130 1683 294 1762 thopnoieis
309 1684 393 1743 radix
410 1683 473 1742 eius
500 1685 528 1741 in
546 1701 620 1761 aqua
648 1684 750 1742 ieiunis
766 1691 844 1762 pota.
878 1692 923 1743 est
950 1693 1044 1744 autem
1068 1703 1133 1746 can·

131 1767 196 1828 dida
222 1767 297 1825 intus
312 1776 343 1826 et
360 1767 462 1828 dulcis.
493 1766 600 1827 bibitur
622 1776 651 1825 et
673 1775 772 1826 contra
795 1768 971 1845 serpentium
997 1769 1071 1827 ictus
1096 1788 1134 1828 ex

130 1853 207 1911 vino.
242 1853 329 1910 muris
346 1869 462 1930 quoque
479 1852 600 1910 contrita
616 1849 719 1909 dicitur
732 1868 850 1909 necare.

97 1952 124 1994 ao
196 1933 279 2015 (92.)
303 1933 499 1995 Habrotonum
515 1934 634 1995 duorum
650 1933 770 1994 traditur
785 1950 934 2010 generum,
957 1945 1179 2013 campestrelto

131 2036 167 2078 ao
185 2028 356 2078 montanum.
387 2019 444 2078 hoc
469 2019 621 2093 feminam,
644 2017 715 2078 illud
741 2034 847 2077 marem
872 2018 1003 2096 intellegi
1024 2019 1134 2079 volunt.

132 2101 289 2160 amaritudo
305 2101 428 2161 absinthi
443 2104 471 2160 in
492 2111 627 2178 utroque.
663 2100 790 2160 Siculum
806 2100 1047 2178 laudatissimum,
1069 2103 1136 2163 dein

133 2181 300 2244 Galaticum.
335 2201 404 2243 usus
425 2192 455 2243 et
471 2183 567 2258 foliis,
590 2183 643 2242 sed
661 2185 752 2242 maior
772 2185 873 2242 semini
888 2184 923 2244 ad
940 2186 1134 2246 excalfacien-

132 2266 214 2340 dum,
236 2265 303 2325 ideo
326 2266 424 2325 nervis
444 2266 531 2341 utile,
554 2266 642 2340 tussi,
666 2265 885 2343 orthopnoeae,
908 2267 1066 2342 convolsis,
1089 2288 1135 2328 ru-

96 2349 208 2426 aoptis,
232 2348 350 2428 lumbis,
370 2350 468 2410 urinae
489 2351 638 2427 angustiis.
661 2349 744 2409 datur
760 2348 914 2408 bibendum
938 2350 1116 2410 manualibus
1127 2359 1178 2416 161

112 2437 115 2444 '
132 2431 281 2493 fasciculis
296 2432 428 2496 decoctis
444 2433 480 2493 ad
495 2435 595 2493 tertias
611 2435 710 2510 partis.
746 2451 783 2491 ex
800 2432 844 2492 his
860 2434 1007 2510 quaternis
1024 2435 1136 2507 cyathis

132 2515 249 2576 bibitur.
287 2517 370 2576 datur
390 2526 418 2576 et
438 2535 539 2576 semen
559 2527 671 2576 tunsum
691 2518 719 2574 in
735 2533 809 2594 aqua
824 2515 978 2575 drachmae
994 2517 1135 2593 pondere.

133 2598 256 2678 prodest
271 2608 300 2659 et
317 2599 432 2658 volvae.
463 2602 619 2677 concoquit
634 2617 726 2677 panos
742 2617 805 2658 cum
820 2598 910 2658 farina
927 2598 1093 2660 hordeacea
1108 2610 1137 2661 et

135 2682 284 2742 oculorum
298 2681 564 2742 inflammationibus
581 2682 706 2756 inlinitur
721 2691 845 2741 cotoneo
861 2682 937 2741 malo
951 2692 1046 2743 cocto.
1074 2702 1135 2743 ser·

99 2767 231 2844 sapentia
251 2765 342 2842 fugat.
381 2775 481 2825 contra
501 2766 575 2825 ictus
603 2784 700 2826 earum
720 2764 827 2825 bibitur
849 2784 913 2825 cum
937 2767 1004 2825 vino
1026 2767 1118 2826 inlini·
1128 2777 1179 2832 162

133 2857 254 2926 turque,
278 2848 510 2908 efficacissimum
533 2858 633 2910 contra
654 2868 689 2908 ea
713 2867 833 2926 qnorum
853 2867 967 2910 verrano
993 2859 1136 2909 tremores

134 2941 164 2991 et
180 2932 272 3007 frigus
288 2933 436 3007 accidunt,
460 2942 491 2990 ut
505 2935 689 3011 scorpionum
713 2942 742 2993 et
762 2932 996 3009 phalangiorum,
1021 2941 1050 2991 et
1068 2950 1136 2992 con·

133 3024 176 3075 tra
192 3032 305 3075 venena
322 3016 377 3075 alia
393 3024 461 3094 pota
483 3016 606 3093 prodest
621 3025 650 3075 et
676 3031 793 3094 quoquo
819 3017 904 3074 modo
924 3014 1087 3091 algentibus
1108 3025 1138 3075 et

133 3098 170 3158 ad
186 3098 365 3158 extrahenda
381 3117 415 3158 ea
432 3116 506 3177 quae
526 3099 694 3158 inhaereant
717 3098 899 3175 corporibus.
932 3098 1015 3176 pellit
1043 3108 1071 3158 et
1096 3100 1136 3157 in·
1192 3124 1194 3129 ·

99 3190 318 3242 atteraneorum
344 3183 427 3242 mala.
465 3199 543 3241 ramo
567 3184 648 3256 eius,
670 3184 694 3240 si
716 3181 873 3241 subiciatur
890 3182 1025 3259 pulvino,
1049 3200 1136 3242 venc-

134 3284 196 3325 rem
222 3265 359 3325 stimulari
385 3268 477 3339 aiunt,
501 3265 789 3343 efficacissimamque
809 3282 875 3323 esse
892 3264 1011 3324 herbam
1037 3274 1137 3324 contra

136 3350 229 3408 omnia
247 3349 388 3409 venelicia
404 3348 506 3428 quibus
523 3349 615 3407 coitus
631 3348 801 3408 inhibeatur.

199 3430 248 3491 22.
277 3433 361 3512 (93.)
388 3432 628 3492 leucanthemum
653 3433 821 3511 suspiriosis
848 3431 979 3493 medetur
1007 3430 1194 3489 duabus&
