2422 3840
134 173 195 233 140
472 183 501 231 c.
518 184 614 230 entur
631 182 781 231 succum

131 340 272 417 robiginis
294 355 409 397 causam
430 356 497 396 esse
519 347 548 397 et
567 337 734 397 carbunculi
755 336 877 414 vitibus,
900 337 977 415 quod
998 346 1140 414 exparte

131 425 236 484 lalsum
254 420 388 495 arbitror,
405 438 576 499 omnemque
587 422 740 480 uredinem
755 420 865 497 frigore
881 430 988 479 tantum
1003 428 1139 480 constare

133 507 197 566 sole
213 505 340 565 innoxio.
371 504 399 563 id
418 505 597 564 manifestum
616 504 665 563 liet
686 504 907 564 attendentibus.
939 521 1003 563 uam
1020 504 1140 582 primum

133 591 256 649 omnium
273 605 331 647 nou
348 588 405 647 boc
422 589 542 646 evenire
560 589 615 646 nisi
633 587 766 647 noctibus
781 597 810 647 ct
824 597 889 647 ante
913 588 984 647 solis
1006 587 1140 647 ardorem

132 672 368 751 deprehenditur,
385 680 533 749 totumque
549 672 639 731 lunari
654 672 767 731 ratione
783 680 906 746 constat,
923 672 1057 748 quoniam
1071 671 1162 730 talias

131 758 232 816 iniuria
254 773 311 814 uon
332 755 361 814 lit
385 756 438 824 uisi
459 755 613 814 interlunio
635 755 759 832 plenave
781 754 863 833 luna,
882 753 939 813 boc
956 763 1000 814 est
1017 771 1138 832 praeva-

88 839 226 904 nolente.
246 849 371 918 utroque
384 839 461 898 enim
476 837 573 899 habitu
587 839 674 916 plena
691 847 746 913 est,
759 847 789 897 ut
803 839 920 916 saepius
937 839 1070 913 diximus,
1085 837 1138 897 sed

132 924 285 984 interlunio
312 941 396 982 omne
420 922 516 981 lumen
540 922 654 1000 quoda
675 923 740 982 sole
762 923 877 999 accepit
906 921 990 981 caelo
1017 921 1137 997 regerit.

87 1008 307 1072 arcuifferentia
322 1008 470 1085 utriusque
483 1005 597 1065 habitus
608 1023 726 1081 magua,
749 1005 802 1065 sed
825 1005 985 1064 manifesta.
1016 1021 1140 1081 namque

132 1091 284 1150 interlunio
299 1099 410 1149 aestate
427 1089 601 1149 calidissima
618 1098 672 1162 est,
683 1088 783 1148 -hieme
801 1088 909 1165 gelida.
943 1107 959 1148 e
977 1089 1094 1148 diverso
1111 1089 1138 1147 in
1149 1103 1176 1144 uo

130 1174 288 1252 plenilunio
301 1181 414 1232 aestate
428 1173 548 1250 frigidas
565 1171 635 1232 lacit
649 1174 760 1246 noctis,
782 1172 877 1232 hicme
895 1172 1020 1251 tepidas.
1051 1189 1140 1232 causa

130 1257 266 1332 evidens,
286 1257 338 1316 sed
357 1257 412 1316 alia
429 1256 558 1315 redditur
577 1274 593 1316 a
609 1254 737 1315 Fabiano
762 1253 941 1333 Graecisque
960 1254 1137 1317 auctoribus.

87 1349 258 1405 attaestate
275 1340 348 1399 enim
366 1340 520 1399 interlunio
536 1358 662 1400 necesse
678 1349 723 1399 est
742 1357 805 1397 cum
823 1339 887 1398 sule
899 1339 984 1399 uobis
997 1355 1138 1418 proxumo

132 1425 241 1484 circulo
259 1435 354 1484 currat
371 1426 439 1501 igne
463 1425 525 1484 eius
549 1426 705 1484 comminus
726 1431 849 1501 recepto
872 1423 1013 1499 candens,
1037 1423 1138 1482 eadem

128 1508 282 1569 interlunio
298 1508 374 1568 absit
389 1509 495 1582 hieme,
512 1509 646 1587 quioniam
661 1507 793 1568 abscedit
809 1515 838 1566 et
853 1505 909 1582 sol,
926 1507 1034 1566 iteruin
1047 1504 1136 1584 pleni·
1149 1520 1174 1559 rs

130 1593 207 1652 lunio
222 1593 334 1651 aestivo
350 1592 452 1671 procul
468 1591 553 1651 abeat
571 1593 695 1652 adversa
711 1592 784 1667 soli,
807 1591 902 1650 bieme
924 1599 1018 1650 autem
1033 1590 1068 1650 ad
1083 1607 1137 1649 uos

129 1694 183 1755 per
199 1677 340 1735 aestivum
356 1676 494 1735 circulum
506 1677 637 1736 accedat.
666 1694 739 1753 ergo
755 1693 809 1753 per
827 1693 861 1734 se
874 1675 991 1734 roscida
1004 1675 1139 1752 quotiens

129 1757 225 1836 alget,
241 1760 378 1819 inlinitum
398 1767 532 1836 quantum
552 1759 605 1818 illo
628 1768 760 1837 tempore
779 1758 908 1818 cadentis
929 1759 1045 1837 pruinas
1070 1775 1138 1817 cou-

128 1841 218 1920 gelat.

86 1933 139 1990 278
179 1935 181 1937 ’
204 1925 289 2002 (69.)
312 1925 352 2002 [1]
375 1923 452 1983 Ante
479 1926 574 1984 omnia
599 1934 693 1986 autem
710 1926 766 1985 duo
783 1944 894 2004 genera
915 1943 983 1985 esse
999 1922 1172 1985 caelestisne

128 2009 248 2067 iniuriae
265 2009 430 2066 meminisse
448 2007 602 2068 debemus:
634 2027 719 2068 unum
741 2011 819 2088 quod
842 2018 1035 2088 tempestates
1050 2025 1136 2067 voca·

129 2109 209 2167 mus,
234 2092 262 2149 in
279 2090 383 2168 quibus
398 2092 565 2168 grandines,
590 2093 742 2170 procellae
763 2103 921 2171 ceteraque
937 2092 1039 2152 similia
1053 2091 1136 2151 intel·

130 2175 284 2251 leguntur,
307 2192 382 2252 quac
404 2194 468 2234 cum
484 2176 661 2252 acciderint,
681 2179 726 2237 vis
744 2178 835 2237 maior
855 2175 1030 2255 appellatur.
1063 2175 1137 2234 baec

85 2258 196 2342 ,3²,⁸,·,ab
219 2259 345 2318 horridis
371 2259 515 2319 sideribus
538 2268 662 2335 exeunt,
695 2271 725 2320 ut
745 2262 861 2338 saepius
884 2261 1023 2335 diximus,
1048 2257 1139 2319 veluti

84 2350 278 2419 atomorum,
308 2341 433 2419 Orione,
462 2343 573 2403 haedis.
606 2344 663 2403 alia
684 2353 749 2403 suut
770 2345 819 2404 illa
840 2362 915 2422 quae
930 2343 1035 2403 silente
1052 2343 1174 2402 caelum

129 2428 302 2504 serenisque
320 2427 454 2486 noctibus
469 2428 538 2485 liunt
554 2426 634 2486 nullo
652 2429 796 2487 sentiente
817 2429 872 2486 uisi
889 2445 953 2487 curn
970 2427 1046 2486 iacta
1061 2436 1136 2485 suut.

129 2509 245 2588 publica
261 2508 352 2584 baec,
374 2510 428 2570 sed
450 2518 480 2569 et
496 2527 619 2587 magnae
644 2511 827 2571 differentiae
848 2529 864 2570 a
888 2508 1049 2589 prioribus,
1072 2509 1138 2568 aliis

127 2592 307 2668 robiginem,
329 2594 393 2653 aliis
409 2594 576 2668 uredinem,
599 2594 662 2653 aliis
681 2593 888 2655 carbunculum
911 2592 1137 2672 appellantibus,

129 2675 260 2734 omnibus
277 2693 350 2735 vero
364 2677 555 2736 sterilitatem.
589 2676 635 2736 De
650 2679 694 2739 his
709 2696 784 2738 nuuc
799 2678 929 2738 dicemus
944 2695 960 2737 a
975 2676 1055 2737 nullo
1071 2685 1136 2736 ante

126 2775 181 2817 nos
196 2759 327 2837 prodita,
350 2760 490 2837 priusque
507 2777 610 2818 causas
627 2761 792 2821 reddemus.
1145 2771 1171 2812 ³⁰

84 2851 137 2905 280
202 2841 252 2901 29.
277 2842 318 2919 [a]
341 2841 424 2900 Duae
440 2851 506 2900 suut
521 2851 640 2919 praeter
654 2844 799 2919 lunarem,
822 2844 983 2922 paucisque
999 2845 1074 2904 caeli
1095 2846 1136 2904 lc·

128 2926 171 2985 cis
188 2933 328 2986 coustant.
360 2942 485 3002 namque
505 2926 647 3002 vergiliae
663 2929 795 3005 privatim
816 2926 936 2986 attinent
958 2928 994 2987 ad
1014 2929 1136 3003 fructus,

127 3019 157 3068 ut
177 3025 297 3087 quarum
319 3018 423 3067 exortu
446 3017 543 3068 aestas
566 3010 701 3088 incipiat,
729 3029 836 3071 occasu
860 3010 972 3084 biems,
1003 3013 1138 3071 semestri

127 3093 221 3168 spatio
240 3094 313 3150 intra
330 3109 362 3150 se
385 3095 489 3151 messis
509 3093 729 3172 vindemiasque
751 3104 781 3154 et
804 3095 928 3153 omnium
945 3095 1136 3154 maturitatem

128 3175 345 3254 conplecteute.
373 3183 418 3234 est
433 3185 588 3253 praeterea
603 3178 631 3235 in
648 3178 734 3238 caelo
752 3179 799 3256 qui
812 3185 934 3236 vocatur
952 3177 1063 3240 lacteus
1081 3179 1134 3238 cir·
1145 3191 1172 3234 as

84 3267 136 3322 281
148 3257 247 3333 culus,
272 3259 355 3317 etiam
371 3261 434 3318 visu
452 3259 558 3319 facilis.
588 3260 672 3320 huius
687 3262 812 3321 delluvio
829 3261 910 3319 velut
924 3279 962 3321 ex
977 3263 1069 3322 ubere
1086 3263 1136 3321 ali·

129 3360 186 3421 quo
213 3352 275 3403 sata
302 3352 405 3402 cuncta
434 3343 596 3402 lactescunt
618 3345 738 3405 duorum
765 3344 891 3404 siderum
917 3345 1136 3421 observatione,

127 3427 244 3504 aquilae
260 3428 288 3486 in
300 3426 520 3508 septentrionali
535 3436 617 3505 parte
635 3438 664 3488 et
684 3431 713 3488 in
727 3429 853 3489 austrina
868 3429 1029 3505 caniculae,
1054 3430 1137 3488 cuius
