2422 3840
136 164 195 226 138
487 176 517 224 c.
533 177 628 224 eursu
644 176 795 224 saeuum
884 231 886 236 ,

133 332 187 390 nisi
210 332 318 390 siccum
341 331 469 389 construi
491 339 617 409 oportet.
657 331 685 388 ui
705 331 793 390 luerit
818 330 1003 389 observatum
1025 329 1084 389 boc
1100 331 1141 391 di·

134 415 277 492 ligenter,
305 413 444 474 exhalare
467 416 605 474 matutino
626 413 761 473 nebulam
784 414 925 491 quandam
942 422 1052 489 metas,
1074 432 1142 474 mox

88 498 215 562 asasole
233 498 354 557 accendi
371 507 400 556 et
416 498 598 575 conflagrare
614 507 724 557 certum
741 506 795 556 est.
825 496 935 556 Rursus
952 497 1041 573 rigari
1055 498 1140 557 dese·

134 591 180 642 eta
196 590 323 659 oportet,
338 590 368 640 ut
383 591 501 641 secetur
513 581 674 642 autumnale
691 582 787 641 lenum
803 581 880 659 quod
891 588 998 641 vocant
1010 581 1140 641 cordum.

133 664 312 726 Interamnae
330 666 358 723 in
372 664 488 725 Umbria
507 674 610 744 quater
626 682 700 724 anno
719 674 864 741 secantur,
882 667 967 725 etiam
977 681 1034 724 non
1047 666 1167 742 rigua,s

132 758 178 808 ter
194 766 267 809 vero
283 749 433 828 plerisque
447 750 476 808 in
491 750 582 823 locis,
604 758 633 808 et
649 758 754 826 postea
769 751 876 827 inipso
892 748 999 826 pabulo
1017 766 1076 808 uon
1090 750 1141 808 mi·

132 850 187 891 uus
202 834 386 893 emolumenti
402 843 447 893 est
463 851 548 910 quarn
563 851 579 892 a
594 833 671 896 feno.
702 834 936 893 armentariorum
951 833 979 892 id
996 851 1080 912 cura,
1099 834 1141 892 iu-

132 926 349 995 mentorumque
361 918 568 993 progeneratio
581 934 662 976 suurn
675 917 779 995 cuique
792 916 942 976 consilium
955 916 1043 992 dabit,
1057 926 1140 994 optu-

132 1017 179 1059 mo
193 1018 324 1060 maxume
340 1000 542 1079 quadrigarum
555 1010 687 1078 quaestu.

88 1091 143 1145 264
208 1083 292 1161 (68.)
317 1085 358 1162 [1]
380 1083 539 1143 Solstitium
567 1086 669 1161 peragi
697 1085 726 1142 in
754 1093 856 1143 octava
882 1092 964 1161 parte
989 1085 1086 1143 cancri
1112 1093 1142 1143 et
1151 1100 1176 1142 uc

88 1163 125 1240 {33
140 1174 244 1224 octavo
260 1166 402 1227 kalendas
414 1165 468 1226 lul.
483 1168 615 1228 diximus.
646 1185 765 1244 magnus
780 1166 827 1226 bic
842 1168 907 1227 anni
921 1167 1021 1241 cardo,
1038 1184 1142 1244 magna

131 1266 181 1307 res
201 1250 306 1309 mundi.
336 1253 364 1309 in
379 1250 435 1310 boc
450 1269 542 1329 usque
559 1270 575 1310 a
591 1251 690 1311 bruma
702 1260 837 1310 crescunt
850 1251 923 1326 dies,
940 1260 1073 1311 creverat
1088 1269 1142 1310 sex

132 1333 278 1392 mensibus
297 1334 342 1393 sol
356 1335 420 1412 ipse
436 1335 472 1395 ad
489 1336 653 1413 aquilonem
674 1335 818 1395 scandens
839 1352 873 1394 ac
896 1353 950 1411 per
971 1335 1060 1395 ardua
1081 1335 1140 1394 eni·

132 1435 181 1475 sus
197 1417 233 1476 ab
250 1435 285 1477 ea
299 1427 376 1478 meta
391 1420 492 1497 incipit
507 1419 586 1478 ilecti
602 1429 631 1478 et
646 1418 768 1495 degredi
784 1419 820 1478 ad
837 1427 979 1492 austrum,
1005 1427 1141 1477 aucturus

88 1501 241 1563 265uoctis
258 1502 322 1560 aliis
337 1521 392 1560 sex
410 1503 558 1563 mensibus
581 1503 785 1580 ablaturusque
809 1502 866 1561 diei
889 1518 1059 1561 mensuram.
1095 1500 1177 1560 Enna

132 1583 189 1644 boc
204 1584 308 1644 deinde
324 1587 457 1663 rapiendi
475 1587 715 1664 convehendique
730 1586 841 1645 fructus
860 1585 934 1645 alios
956 1594 1042 1662 atque
1066 1585 1140 1646 alios

67 1746 69 1751 Ι
131 1677 255 1746 tempus,
278 1679 307 1728 et
325 1671 516 1749 praeparandi
540 1689 573 1729 se
588 1679 688 1731 contra
708 1687 824 1729 saevam
837 1669 985 1747 feramque
1006 1667 1140 1743 hiemem,

132 1751 316 1830 decebatque
333 1752 391 1812 hoc
406 1753 560 1813 discrimen
575 1753 737 1813 indubitatis
756 1754 831 1812 notis
851 1753 984 1829 signasse
1003 1761 1139 1812 naturam.

131 1853 215 1913 quam
231 1835 269 1893 ob
286 1853 347 1893 rem
364 1854 415 1894 eas
428 1837 558 1897 manibus
580 1839 652 1914 ipsis
673 1837 866 1914 agricolarum
891 1836 1032 1913 ingessit,
1053 1835 1140 1894 verti·

130 1936 187 1996 que
205 1919 286 1976 iussit
301 1919 365 1996 ipsa
383 1919 429 1978 die
445 1919 516 1980 folia
531 1929 560 1979 et
575 1939 642 1980 esse
665 1921 792 1980 confecti
810 1920 915 1980 sideris
937 1920 1064 1996 signum,
1085 1934 1177 1978 necao

130 2000 457 2062 silvestriumarborum
471 2013 724 2082 remotarumque,
741 2013 772 2063 ut
792 2005 821 2062 iu
838 2003 929 2062 saltus
943 2002 1046 2063 devios
1061 2019 1140 2062 mou·

130 2084 226 2161 tisque
249 2085 371 2144 eundum
392 2096 472 2146 esset
494 2087 700 2166 quaerentibus
714 2089 797 2165 signa
806 2133 815 2166 ,
831 2104 889 2146 uon
903 2105 1003 2145 rursus
1019 2085 1140 2145 urbana·

131 2185 193 2226 rum
205 2177 234 2226 et
249 2186 324 2246 quae
336 2171 460 2247 topiario
472 2180 579 2231 tantum
592 2170 734 2246 coluntur,
749 2187 920 2250 quamquam
932 2170 977 2229 his
991 2180 1021 2230 et
1034 2171 1061 2228 iu
1072 2166 1141 2227 villa

87 2253 284 2315 atfivisendis.
312 2255 399 2314 vertit
414 2254 500 2315 oleae
515 2264 581 2315 ante
596 2257 689 2333 pedes
705 2265 796 2331 satae,
811 2255 898 2313 vertit
916 2253 995 2313 tiliae
1010 2253 1045 2313 ad
1062 2249 1142 2312 mille

131 2354 200 2396 usus
218 2337 380 2415 petendae,
396 2341 483 2399 vertit
499 2340 599 2417 populi
614 2339 698 2399 albae
715 2339 799 2398 etiam
814 2336 920 2397 vitibus
943 2345 1059 2414 nuptae.
1092 2335 1141 2394 ad·
1152 2354 1179 2394 as

130 2419 187 2479 buc
203 2439 303 2498 parurn
318 2430 372 2479 est.
406 2422 527 2495 ulmum,
549 2423 656 2500 inquit,
675 2423 734 2480 vite
750 2421 875 2480 dotatam
891 2420 998 2495 babes,
1014 2427 1044 2478 et
1057 2418 1143 2477 huius

130 2512 250 2562 vertam.
278 2503 385 2581 pabulo
400 2505 470 2566 lolia
491 2502 556 2565 eius
578 2505 694 2582 stringis
723 2513 771 2564 aut
798 2504 938 2580 deputas,
966 2501 1085 2580 adspice
1112 2510 1144 2560 et

130 2594 214 2645 tenes
233 2587 322 2647 sidus.
352 2588 407 2647 alia
422 2598 504 2665 parte
528 2587 639 2650 caelum
660 2588 821 2666 respiciunt
840 2604 925 2664 quam
947 2604 1002 2663 qua
1025 2593 1141 2664 specta·

87 2675 218 2731 ttinere
242 2669 346 2747 pridie.
380 2670 471 2731 salice
487 2673 580 2731 omnia
602 2672 729 2748 adligas,
750 2669 906 2729 humillima
923 2669 1059 2729 arborum
1078 2669 1143 2747 ipse

130 2759 193 2811 toto
218 2753 313 2829 capite
333 2752 436 2829 altior,
460 2764 489 2814 et
511 2755 594 2815 buius
619 2756 822 2831 circumagam.
865 2752 932 2831 quid
954 2761 982 2811 te
1002 2754 1178 2812 rusticumao

130 2831 286 2913 quereris?
301 2851 358 2893 non
378 2844 434 2894 stat
449 2855 504 2914 per
519 2856 565 2896 me
581 2839 731 2915 quominus
743 2834 854 2896 caelum
867 2835 1023 2912 intellegas
1036 2845 1065 2896 et
1077 2853 1143 2895 cae·

131 2918 216 2979 lestia
232 2919 318 2978 scias.
349 2917 425 2977 dabo
448 2928 477 2978 et
499 2920 616 2979 auribus
639 2922 767 2998 signum:
789 2920 962 2999 palumbium
977 2921 1076 2997 utique
1093 2937 1144 2977 ex·

131 3001 196 3062 audi
215 3003 348 3081 gemitus.
380 3003 521 3062 transisse
538 3003 694 3064 solstitium
712 3013 816 3064 caveto
833 3012 929 3082 putes,
946 3004 1001 3062 nisi
1020 3022 1083 3062 cum
1103 3003 1144 3062 iu·

86 3086 299 3150 assentantem
312 3085 420 3145 videris
431 3085 604 3164 palumbem.
630 3087 670 3165 [2]
695 3087 742 3146 Ab
758 3087 883 3148 solstitio
896 3088 932 3149 ad
947 3086 1083 3147 fidiculae
1095 3103 1145 3145 oc·

132 3187 229 3229 casum
248 3182 294 3228 vl.
310 3168 451 3229 kalendas
473 3166 560 3229 lulias
583 3168 701 3230 Caesari
718 3169 809 3230 Orion
832 3171 979 3245 exoritur,
1001 3189 1074 3231 noua
1095 3185 1180 3229 aues

130 3263 188 3313 tem
204 3254 266 3312 eius
284 3261 387 3330 quarto
402 3271 494 3313 nonas
508 3252 666 3328 Assyriae,
689 3253 829 3331 Aegypto
850 3271 923 3313 vero
939 3271 1071 3333 procyon
1085 3271 1144 3312 ma·

128 3339 219 3397 tulino
235 3346 398 3413 aestuosus,
416 3337 495 3416 quod
510 3337 589 3396 sidus
603 3336 679 3415 apud
694 3335 841 3397 Romanos
856 3336 1014 3397 nonhabet
1029 3353 1146 3410 nomen,

127 3423 183 3480 nisi
199 3421 355 3483 caniculam
369 3421 443 3481 hanc
455 3420 587 3481 volumus
598 3420 740 3497 intellegi,
756 3419 813 3479 hoc
826 3429 871 3480 est
881 3422 1020 3480 minorem
1033 3436 1146 3495 canem,
