2422 3840
115 182 174 245 130
457 195 486 242 c.
503 195 599 243 rrum
612 193 763 243 suonam

113 368 175 410 mus
191 359 285 410 autem
302 357 331 408 et
346 350 467 411 aliorum
482 349 606 428 placita,
629 349 763 428 qnoniam
777 366 834 409 non
849 349 931 407 unius
948 357 1046 407 terrae
1067 350 1121 408 sed

113 435 200 493 totius
215 442 334 493 naturae
346 434 523 511 interpretes
539 450 652 508 sumus,
670 451 727 493 non
741 430 907 492 auctoribus
919 432 1022 508 positis
1036 433 1120 491 -id

112 519 187 576 enim
198 517 353 576 verbosum
367 516 520 577 est-sed
536 516 714 593 regionibus.
742 515 877 592 legentes
896 523 1003 574 tantum
1020 516 1120 575 merni-

111 602 206 661 nerint
216 601 367 661 brevitatis
378 601 481 678 gratia,
496 617 559 659 cum
567 599 663 659 Attica
675 600 818 660 nominata
829 599 927 674 inerit,
940 599 1024 658 simul
1035 599 1120 660 intel-

68 685 229 761 215legere
245 682 389 759 Cycladas
406 682 526 759 insulas,
544 700 607 742 cum
622 682 802 760 Macedonia,
818 681 1011 760 Magnesiam,
1029 681 1145 743 'ihre-s

111 770 193 846 ciam,
211 786 274 827 cnm
291 768 457 846 Aegyptus,
470 767 648 846 Phoenicen,
663 765 801 846 Cyprum,
815 764 956 842 Ciliciam,
970 785 1032 826 cum
1044 766 1120 827 Boe-

111 853 187 928 otia,
203 851 371 930 Locridem,
387 850 544 911 Phocidem
569 860 598 911 et
621 852 756 912 finitimos
772 869 889 929 semper
908 860 1033 927 tractus,
1055 869 1121 911 cum

110 934 330 1013 Hellespontus,
349 934 565 995 Chersonesum
586 944 616 995 et
635 935 811 995 continentia
832 952 926 1014 nsque
945 933 1022 994 Atho
1039 950 1120 994 mon·

109 1027 178 1096 tem,
197 1036 261 1079 cum
275 1019 371 1094 lonia,
389 1017 488 1077 Asiam
504 1027 534 1078 et
550 1019 659 1078 insulas
677 1018 784 1095 Asiae,
808 1036 871 1077 eum
886 1019 1119 1097 Peloponnesus,

108 1101 248 1162 Achaiam
263 1111 292 1162 et
309 1103 345 1162 ad
359 1120 513 1180 vesperam
529 1103 650 1162 iacentis
667 1111 771 1162 terras.
807 1100 947 1177 Chaldaei
967 1100 1119 1178 Assyriam
1131 1128 1157 1170 ω

65 1195 155 1249 albet
175 1185 362 1260 Babyloniam
382 1185 628 1246 demonstrabunt.
659 1185 804 1262 Africam,
819 1184 992 1264 Hispanias,
1010 1185 1120 1246 Gallias

108 1268 189 1329 sileri
212 1286 269 1329 non
287 1271 341 1329 erit
355 1271 465 1346 mirum,
479 1287 564 1329 nemo
580 1268 655 1329 enim
671 1270 839 1330 observavit
852 1270 881 1328 in
896 1270 941 1329 his
952 1268 1000 1349 qui
1012 1270 1120 1348 prode-

108 1361 154 1412 ret
174 1354 299 1413 siderum
315 1363 446 1416 exortus.
477 1362 645 1414 nontamen
662 1353 772 1414 difficili
783 1355 896 1414 ratione
909 1353 1121 1430 dignoscentur

64 1435 169 1524 ⁶qss²in
187 1437 245 1498 illis
260 1453 377 1516 quoque
392 1438 480 1498 terris
498 1439 661 1516 digestione
678 1437 852 1498 circulorum
879 1455 963 1516 quem
984 1438 1012 1496 in
1032 1446 1119 1498 sexto

65 1529 117 1584 217
125 1521 272 1582 volumine
293 1523 431 1600 fecimus,
462 1540 518 1600 qua
547 1523 682 1600 cognatio
711 1522 786 1583 caeli
805 1539 864 1583 non
884 1521 1011 1598 gentium
1029 1521 1118 1582 modo
1128 1541 1155 1584 as

109 1622 209 1665 verum
221 1605 333 1666 urbium
346 1623 463 1685 quoquc
473 1606 649 1683 singularum
660 1606 849 1684 intellegitur,
868 1622 940 1683 ergo
953 1622 991 1665 ex
1001 1604 1046 1666 his
1058 1615 1118 1667 ter·

108 1690 148 1748 ris
160 1707 232 1768 quas
244 1691 451 1750 nominavimus
463 1687 575 1768 sumpta
589 1690 772 1750 convexitate
785 1690 886 1750 circuli
898 1689 1070 1768 pertinentis
1082 1690 1119 1750 ad

108 1790 180 1851 quas
194 1774 318 1851 quisque
333 1782 455 1852 quaeret
472 1782 566 1833 terras
581 1774 667 1833 iidem
682 1782 765 1833 erunt
785 1774 912 1833 sidemm
928 1783 1048 1834 exortus
1063 1792 1119 1852 per

108 1858 231 1932 omnium
247 1856 422 1916 circulorum
438 1858 517 1935 paris
533 1856 660 1916 umbras.
692 1856 874 1918 indicandum
891 1865 921 1916 et
935 1857 1023 1937 illud,
1046 1866 1118 1918 tem·

106 1948 237 2016 pestates
254 1940 333 2018 ipsas
350 1940 482 2000 cardines
505 1958 575 2000 suos
596 1939 706 2000 hebere
722 1941 868 2019 quadrinis
884 1940 980 2016 annis,
1003 1951 1033 2001 et
1053 1956 1153 2001 eas-ac

108 2022 173 2082 dem
189 2040 246 2082 non
263 2041 366 2101 magna
382 2023 545 2084 differentia
557 2024 666 2084 reverti
681 2027 792 2085 ratione
809 2025 898 2102 solis,
915 2025 1031 2084 octonis
1044 2041 1117 2084 vero

106 2107 208 2183 augeri
224 2108 353 2183 easdem,
371 2108 528 2168 centesima
542 2108 715 2169 revolvente
731 2128 765 2169 se
781 2109 857 2170 luna.

64 2198 116 2252 218
180 2188 264 2271 (58.)
288 2189 386 2251 Omnis
405 2201 501 2253 autem
517 2194 592 2253 ratio
607 2192 764 2253 observata
780 2202 826 2253 est
841 2192 931 2254 tribus
945 2193 1050 2269 modis,
1066 2211 1115 2253 ex·

106 2283 171 2333 ortu
197 2275 324 2335 siderum
352 2293 520 2354 occasuque
547 2286 576 2336 et
603 2277 730 2354 ipsorum
756 2286 917 2356 temporum
939 2277 1115 2339 cardinibus.

106 2367 226 2418 exortus
241 2377 424 2438 occasusque
441 2360 516 2419 binis
536 2361 630 2421 modis
650 2361 867 2438 intelleguntur.
901 2370 950 2422 ant
970 2362 1044 2422 enim
1064 2360 1152 2421 adas

105 2451 193 2502 ventu
211 2444 284 2504 solis
301 2445 482 2504 occultantur
499 2443 602 2503 stellae
619 2453 648 2504 et
664 2446 795 2523 conspici
810 2445 960 2524 desinunt,
977 2452 1024 2505 ant
1037 2445 1113 2504 eius-

107 2526 173 2586 dem
187 2525 328 2586 abscessu
346 2527 498 2606 proierunt
510 2545 552 2587 se.
585 2545 728 2587 emersum
741 2528 799 2589 hoc
816 2529 919 2589 melius
933 2546 1018 2608 quam
1028 2544 1114 2588 exor-

104 2618 164 2669 tum
183 2611 361 2671 consuetudo
379 2611 515 2690 dixisset,
532 2619 562 2671 et
578 2611 648 2671 illud
668 2612 890 2673 occultationem
911 2616 1009 2692 potius
1032 2630 1118 2692 quam

63 2700 267 2764 219occasum.
294 2693 352 2752 alio
364 2695 462 2770 modo,
477 2711 535 2773 quo
547 2696 594 2754 die
608 2697 745 2774 incipiunt
756 2696 900 2775 adparere
911 2697 960 2758 vel
970 2697 1116 2772 desinunt,

106 2775 219 2836 oriente
234 2775 300 2835 sole
313 2786 361 2836 aut
370 2777 540 2856 occidente,
556 2779 684 2838 matutini
697 2781 896 2857 vespertinive
909 2781 1116 2859 cognominati,
1126 2797 1152 2840 aa

105 2869 192 2937 prout
213 2859 355 2920 alteruter
377 2877 476 2919 eorum
497 2878 580 2920 mane
606 2860 655 2921 vel
677 2864 852 2941 crepusculo
878 2866 1029 2942 contingit.
1064 2863 1116 2924 do·

106 2942 222 3002 drantes
237 2945 371 3004 horamm
391 2961 455 3003 cum
468 2945 620 3004 minumum
634 2947 786 3007 intervalla
808 2966 843 3008 ea
866 2948 1033 3008 desiderant
1049 2957 1117 3008 ante

106 3025 177 3084 solis
194 3035 286 3086 ortum
300 3027 349 3087 vel
367 3037 435 3106 post
452 3044 605 3104 occasum,
628 3039 659 3090 ut
673 3031 785 3110 adspici
806 3033 928 3111 possint.
959 3041 1117 3110 praeterea

104 3106 149 3167 bis
166 3109 307 3186 quaedam
320 3112 489 3171 exoriuntur
504 3120 534 3172 et
549 3113 700 3194 occidunt,
727 3118 878 3195 omnisque
902 3131 999 3176 sermo
1018 3116 1056 3175 de
1070 3115 1118 3176 his

60 3193 157 3279 {pleat
171 3192 265 3253 stellis
281 3212 353 3273 quas
368 3195 530 3256 adhaerere
547 3197 631 3257 caelo
648 3199 779 3259 diximus.
1126 3225 1153 3267 ss

61 3287 114 3341 tao
184 3277 268 3358 (59.)
299 3276 394 3340 (lardo
419 3290 581 3359 temporum
611 3282 818 3362 quadripertita
840 3285 906 3344 anni
928 3283 1114 3345 distinctione

107 3371 220 3422 constat
236 3380 292 3440 per
307 3364 483 3424 incrementa
498 3364 583 3424 lucis.
617 3375 739 3444 augetur
753 3367 828 3427 haec
845 3385 862 3428 a
878 3367 995 3443 bruma,
1019 3375 1049 3426 et
1065 3384 1115 3426 ae-

98 3455 207 3522 quatur
220 3446 359 3508 noctibus
384 3466 475 3509 verno
501 3450 687 3529 aequinoctio
716 3449 819 3510 diebus
839 3463 885 3511 xc
907 3452 988 3511 horis
1010 3449 1115 3511 tribue
