2422 3840
303 202 383 249 unu.
400 201 491 250 ausu.
508 203 579 250 xv1.
599 199 717 254 11-14.
738 190 892 269 (ar—25.)
1060 190 1097 252 13

94 359 159 422 uiri.
188 358 241 420 l’ix
256 368 372 438 optuma
385 359 493 439 ubique
511 376 549 419 ex
563 356 671 438 apricis
692 359 835 439 aquilonis
851 359 924 434 situ,
943 377 982 418 ex
997 361 1097 437 opacis

94 443 241 506 horridior
256 445 395 523 virusque
412 443 595 522 praeferens,
617 444 722 519 frigida
737 443 834 503 bieme
852 443 981 504 deterior
997 460 1032 503 ac
1048 445 1098 503 mi·

93 546 148 589 nus
160 529 280 606 copiosa
292 535 322 587 et
333 527 464 588 decolor.
489 527 603 606 quidam
613 526 785 587 arbitrantur
796 528 825 586 in
836 529 996 587 montuosis
1009 529 1094 607 copia
1107 537 1142 591 60

94 613 338 692 praestantiorem
352 630 388 672 ac
406 611 508 671 colore
521 620 551 671 et
565 611 726 672 dulciorem
740 611 819 686 lieri,
843 611 964 671 odorem
980 628 1097 690 quoque

71 698 269 775 cgratiorem,
288 695 353 755 dum
369 697 465 755 resina
480 697 534 770 sit,
550 695 702 755 decoctam
717 704 813 755 autem
829 695 920 755 minus
936 696 1010 773 picis
1031 697 1097 756 red-

95 780 177 857 dere,
195 779 328 858 quoniam
342 780 371 838 in
386 796 483 839 serum
499 778 596 855 abeat,
610 780 820 857 tenuioresque
837 795 904 838 csse
916 780 996 857 ipsas
1012 780 1096 840 arbo·

93 881 143 923 res
165 881 250 942 quam
270 863 298 922 in
320 862 429 940 planis,
458 862 511 922 sed
533 863 585 922 has
606 871 635 921 et
652 862 718 923 illas
740 863 900 922 serenitate
922 863 1095 924 steriliores.

93 945 230 1007 Fructum
245 946 387 1024 quaedam
402 963 543 1024 proxumo
562 962 637 1006 anno
659 945 695 1007 ab
714 947 806 1006 incisa
823 946 999 1024 largiuntur,
1022 947 1097 1007 aliae

95 1029 236 1105 secundo,
257 1029 397 1107 quaedam
416 1031 512 1091 tertio.
546 1028 683 1108 expletur
697 1039 792 1090 autem
807 1030 895 1108 plaga
910 1031 1022 1106 resina,
1040 1047 1098 1090 non

59 1133 85 1176 m
95 1115 206 1175 cortice
223 1131 280 1172 nec
292 1115 440 1189 cicatrice,
453 1131 528 1192 quae
540 1117 568 1173 in
580 1114 635 1174 hac
649 1113 755 1174 arbore
763 1130 822 1173 non
834 1115 902 1174 coit.
925 1116 1008 1174 Inter
1019 1113 1093 1175 haec
1105 1122 1138 1177 61

95 1215 205 1276 genera
217 1198 364 1275 propriam
372 1197 486 1277 quidam
497 1198 600 1258 iecere
614 1199 775 1276 sappirum,
786 1200 921 1278 quoniam
937 1216 975 1257 ex
989 1214 1096 1274 cogna-

95 1283 172 1342 tione
196 1281 296 1341 harum
318 1283 423 1341 seritur
444 1281 537 1361 qualis
560 1281 636 1342 dicta
652 1290 698 1342 est
720 1283 748 1342 in
772 1282 901 1358 nucleis,
927 1280 1070 1342 eiusdem·
1083 1299 1136 1340 css

94 1382 151 1442 que
166 1364 280 1425 arboris
295 1366 366 1425 imas
382 1367 471 1443 partis
491 1365 593 1425 taedas
609 1374 732 1442 vocant,
755 1384 818 1426 cum
840 1367 876 1425 sit
891 1365 941 1427 illa
953 1364 1041 1425 arbor
1056 1365 1096 1424 nil

94 1448 172 1508 aliud
189 1466 274 1526 quam
292 1450 376 1525 picea
393 1448 516 1507 feritatis
528 1448 644 1525 paulum
655 1450 801 1526 mitigatae
815 1458 887 1509 satu.
914 1450 1028 1527 sappini
1047 1466 1095 1508 au·

58 1541 152 1593 actem
167 1533 304 1591 materies
320 1548 470 1590 caesarum
485 1548 503 1588 e
520 1548 631 1608 genere
649 1531 690 1607 lit,
708 1532 792 1591 sicuti
809 1531 989 1591 docebimus.
1107 1551 1140 1587 cs

124 1688 129 1698 ⁸
161 1614 211 1676 13.
237 1614 321 1692 (24.)
343 1612 483 1673 blateriae
499 1615 574 1673 enim
595 1631 682 1674 causa
697 1615 827 1694 reliquas
849 1614 971 1674 arbores
994 1621 1139 1678 maturant

94 1700 194 1777 genuit
217 1698 506 1776 copiosissimamque
529 1697 679 1758 fraxinum.
709 1696 838 1759 Procera
858 1698 933 1758 haec
949 1714 984 1758 ac
1004 1707 1095 1772 teres,

94 1785 210 1861 pinnata
222 1791 252 1841 et
265 1782 328 1859 ipsa
343 1781 426 1857 folio,
438 1782 615 1861 multumque
628 1780 745 1842 llomeri
758 1783 916 1860 praeconio
933 1790 963 1841 et
973 1781 1096 1842 Achillis

92 1866 176 1926 basta
183 1865 343 1927 nobilitata.
360 1867 496 1927 materies
506 1875 551 1926 est
564 1866 601 1926 ad
611 1866 741 1944 pluruma
749 1866 836 1927 utilis.
850 1865 1006 1945 ecquidem
1020 1883 1095 1944 quae

56 1950 125 2010 solit
146 1952 175 2009 in
194 1949 245 2010 lda
263 1949 387 2012 Troadis
409 1952 438 2009 in
457 1959 565 2011 tautum
586 1950 675 2010 cedro
697 1950 797 2010 similis
820 1959 851 2009 ut
873 1951 995 2009 ementis
1013 1949 1095 2010 fallat

95 2034 206 2093 cortice
222 2032 331 2094 ablato.
355 2033 461 2094 Graeci
473 2034 530 2093 duo
545 2050 656 2109 genera
673 2035 737 2093 eius
749 2033 866 2094 iecere:
891 2034 1008 2110 longam
1024 2049 1093 2092 eno·
1104 2041 1139 2096 63

95 2116 171 2192 dem,
188 2117 309 2176 alteram
324 2116 444 2177 brevem
461 2117 606 2176 duriorem
623 2117 857 2195 luscioremque,
880 2117 988 2177 laureis
1004 2117 1092 2176 loliis.

93 2199 248 2258 bumeliam
266 2209 373 2259 vocant
389 2200 418 2258 in
431 2197 601 2258 Macedonia
618 2196 821 2277 amplissimam
835 2200 1093 2278 lentissimamque.

94 2281 143 2342 alii
158 2282 213 2341 situ
228 2282 370 2358 divisere,
387 2290 579 2360 campestrem
594 2283 668 2341 enim
690 2301 758 2342 esse
774 2284 915 2361 crispam,
933 2291 1095 2342 montanam

56 2382 84 2422 aa
94 2367 227 2444 spissam.
245 2364 329 2426 Folia
344 2384 443 2426 earum
455 2365 590 2425 iumentis
603 2365 762 2441 mortifera,
777 2367 883 2425 ceteris
897 2366 1094 2425 ruminantium
1103 2376 1137 2431 64

93 2450 215 2510 innocua
227 2448 332 2511 (lraeci
344 2449 510 2529 prodidere.
537 2450 566 2508 in
577 2447 658 2510 ltalia
670 2467 726 2509 nec
736 2449 870 2509 iumentis
882 2457 998 2508 nocent.
1027 2465 1094 2508 eon·

92 2542 136 2593 tra
152 2535 299 2612 serpentis
315 2550 388 2594 vero
403 2549 476 2594 suco
492 2550 637 2612 expresso
654 2534 689 2595 ad
705 2542 803 2611 potum
819 2541 849 2592 et
863 2533 989 2611 inposita
1002 2533 1095 2593 ulceri

93 2616 208 2694 opifera
219 2634 255 2677 ac
265 2616 335 2677 nibil
347 2635 442 2698 aeque
453 2617 646 2695 reperiuntur.
669 2625 806 2696 tantaque
823 2625 868 2676 est
882 2617 926 2676 vis
942 2625 973 2676 nt
988 2635 1024 2676 ne
1036 2635 1094 2678 ma·

92 2699 198 2758 tutinus
221 2699 334 2777 quidem
357 2702 557 2763 occidentisve
571 2699 702 2776 umbras,
727 2719 791 2761 cum
814 2709 879 2760 sunt
895 2700 1093 2778 longissimae,

55 2796 82 2839 aa
93 2799 218 2860 serpens
233 2782 346 2843 arboris
366 2785 428 2845 eius
444 2786 579 2863 attingat,
595 2785 669 2845 adeo
683 2787 775 2864 ipsam
790 2784 893 2863 procul
916 2784 1017 2860 fugiat.
1043 2803 1093 2844 ex·

92 2866 168 2944 perti
184 2866 343 2943 prodimus,
360 2868 385 2926 si
400 2867 502 2929 fronde
519 2887 553 2929 aa
570 2886 703 2947 gyroque
721 2869 853 2930 cludatur
866 2868 941 2945 ignis
957 2886 1093 2947 serpens,

91 2950 121 3008 iu
136 2948 211 3025 ignis
226 2951 323 3028 potius
339 2969 424 3030 quam
438 2953 467 3012 in
482 2952 622 3012 fraxinum
637 2953 742 3031 lugere
759 2960 936 3030 serpentem.
959 2952 1029 3012 mira
1045 2969 1093 3012 na-

91 3041 174 3094 turae
195 3033 360 3111 benignitas
376 3037 456 3113 prius
478 3054 561 3114 quam
582 3035 639 3097 bae
659 3035 802 3116 prodeant
827 3035 935 3096 florere
953 3034 1093 3097 fraxinum

90 3134 147 3177 nec
161 3126 228 3178 ante
248 3118 378 3179 conditas
396 3119 467 3179 lolia
484 3120 637 3180 dimittere.

54 3214 81 3256 cs
156 3203 205 3262 14.
230 3201 315 3282 (25.)
338 3202 371 3262 lu
394 3202 454 3263 tilia
473 3219 534 3263 mas
558 3212 588 3263 et
606 3204 712 3265 femina
733 3205 868 3266 differunt
889 3204 965 3264 omni
991 3202 1136 3267 modott

90 3302 214 3364 namque
227 3296 257 3346 et
272 3287 409 3348 materies
426 3288 498 3347 mari
515 3286 585 3347 dura
600 3289 749 3369 rufiorque
766 3307 801 3349 ac
815 3287 928 3349 nodosa
943 3296 973 3347 et
988 3286 1092 3347 odora-

89 3369 158 3446 tior,
176 3379 278 3431 cortex
291 3388 408 3451 quoqne
421 3371 550 3432 crassior
562 3389 596 3432 ac
610 3372 758 3434 detractus
769 3371 945 3434 inflexibilis.
977 3388 1032 3429 nec
1047 3388 1092 3429 se·

90 3469 156 3512 men
173 3453 230 3514 lert
247 3464 296 3516 aut
311 3454 412 3515 dorem
426 3464 458 3516 ut
470 3454 587 3532 femina,
604 3474 679 3535 quae
696 3458 825 3518 crassior
839 3455 956 3529 arbore,
972 3455 1092 3514 materie
