<?xml version="1.0" encoding="UTF-8"?>
<!DOCTYPE html PUBLIC "-//W3C//DTD XHTML 1.0 Transitional//EN"
    "http://www.w3.org/TR/xhtml1/DTD/xhtml1-transitional.dtd">
<html xmlns="http://www.w3.org/1999/xhtml" xml:lang="en" lang="en">
 <head>
  <title>
</title>
<meta http-equiv="Content-Type" content="text/html;charset=utf-8" />
  <meta name='ocr-system' content='tesseract 3.04.00' />
  <meta name='ocr-capabilities' content='ocr_page ocr_carea ocr_par ocr_line ocrx_word'/>
</head>
<body>
  <div class='ocr_page' id='page_1' title='image "./cplinisecundina04plingoog_0175.png"; bbox 0 0 2422 3840; ppageno 0'>
   <div class='ocr_carea' id='block_1_1' title="bbox 121 213 784 274">
    <p class='ocr_par' dir='ltr' id='par_1_1' title="bbox 121 213 784 274">
     <span class='ocr_line' id='line_1_1' title="bbox 121 213 784 274; baseline -0.014 0"><span class='ocrx_word' id='word_1_1' title='bbox 121 213 181 274; x_wconf 89' lang='grc'><strong>116</strong></span> <span class='ocrx_word' id='word_1_2' title='bbox 474 219 504 266; x_wconf 87' lang='lat' dir='ltr'><strong>c.</strong></span> <span class='ocrx_word' id='word_1_3' title='bbox 522 219 618 266; x_wconf 77' lang='lat' dir='ltr'><strong>emm</strong></span> <span class='ocrx_word' id='word_1_4' title='bbox 632 217 784 267; x_wconf 77' lang='lat' dir='ltr'><strong>succum</strong></span> 
     </span>
    </p>
   </div>
   <div class='ocr_carea' id='block_1_2' title="bbox 79 372 1148 956">
    <p class='ocr_par' dir='ltr' id='par_1_2' title="bbox 119 372 1128 626">
     <span class='ocr_line' id='line_1_2' title="bbox 119 372 1123 452; baseline -0.009 -12"><span class='ocrx_word' id='word_1_5' title='bbox 119 388 229 441; x_wconf 78' lang='lat' dir='ltr'><strong>mantus</strong></span> <span class='ocrx_word' id='word_1_6' title='bbox 247 385 276 436; x_wconf 90' lang='lat' dir='ltr'><strong>et</strong></span> <span class='ocrx_word' id='word_1_7' title='bbox 291 374 455 452; x_wconf 82' lang='lat' dir='ltr'><strong>grandiora.</strong></span> <span class='ocrx_word' id='word_1_8' title='bbox 487 383 591 452; x_wconf 89' lang='lat' dir='ltr'><strong>tepore</strong></span> <span class='ocrx_word' id='word_1_9' title='bbox 612 375 641 432; x_wconf 92' lang='lat' dir='ltr'><strong>in</strong></span> <span class='ocrx_word' id='word_1_10' title='bbox 655 373 725 432; x_wconf 87' lang='lat' dir='ltr'><strong>lolia</strong></span> <span class='ocrx_word' id='word_1_11' title='bbox 741 381 856 432; x_wconf 84' lang='lat' dir='ltr'><strong>exeunt.</strong></span> <span class='ocrx_word' id='word_1_12' title='bbox 889 373 985 432; x_wconf 88' lang='lat' dir='ltr'><strong>Palma</strong></span> <span class='ocrx_word' id='word_1_13' title='bbox 1001 373 1029 431; x_wconf 94' lang='lat' dir='ltr'><strong>in</strong></span> <span class='ocrx_word' id='word_1_14' title='bbox 1049 372 1123 432; x_wconf 91' lang='lat' dir='ltr'><strong>Nur-</strong></span> 
     </span>
     <span class='ocr_line' id='line_1_3' title="bbox 121 457 1128 538; baseline -0.008 -14"><span class='ocrx_word' id='word_1_15' title='bbox 121 468 184 524; x_wconf 91' lang='lat' dir='ltr'><strong>siuo</strong></span> <span class='ocrx_word' id='word_1_16' title='bbox 201 478 272 538; x_wconf 89' lang='lat' dir='ltr'><strong>agro</strong></span> <span class='ocrx_word' id='word_1_17' title='bbox 290 457 486 519; x_wconf 90' lang='lat' dir='ltr'><strong>nascentibus.</strong></span> <span class='ocrx_word' id='word_1_18' title='bbox 513 459 622 517; x_wconf 82' lang='lat' dir='ltr'><strong>taxatio</strong></span> <span class='ocrx_word' id='word_1_19' title='bbox 638 458 666 516; x_wconf 92' lang='lat' dir='ltr'><strong>in</strong></span> <span class='ocrx_word' id='word_1_20' title='bbox 682 457 770 517; x_wconf 88' lang='lat' dir='ltr'><strong>libras</strong></span> <span class='ocrx_word' id='word_1_21' title='bbox 782 458 910 516; x_wconf 75' lang='lat' dir='ltr'><strong>sestertii</strong></span> <span class='ocrx_word' id='word_1_22' title='bbox 927 457 1034 533; x_wconf 80' lang='lat' dir='ltr'>singuli</span> <span class='ocrx_word' id='word_1_23' title='bbox 1050 465 1079 516; x_wconf 92' lang='lat' dir='ltr'><strong>et</strong></span> <span class='ocrx_word' id='word_1_24' title='bbox 1094 459 1128 516; x_wconf 90' lang='lat' dir='ltr'><strong>in·</strong></span> 
     </span>
     <span class='ocr_line' id='line_1_4' title="bbox 120 538 766 626; baseline -0.012 -20"><span class='ocrx_word' id='word_1_25' title='bbox 120 547 240 626; x_wconf 89' lang='lat' dir='ltr'><strong>penuria</strong></span> <span class='ocrx_word' id='word_1_26' title='bbox 253 538 333 617; x_wconf 90' lang='lat' dir='ltr'><strong>bini,</strong></span> <span class='ocrx_word' id='word_1_27' title='bbox 357 558 497 621; x_wconf 83' lang='lat' dir='ltr'><strong>proxuma</strong></span> <span class='ocrx_word' id='word_1_28' title='bbox 512 541 541 600; x_wconf 89' lang='lat' dir='ltr'><strong>in</strong></span> <span class='ocrx_word' id='word_1_29' title='bbox 558 540 666 618; x_wconf 81' lang='lat' dir='ltr'><strong>Algido</strong></span> <span class='ocrx_word' id='word_1_30' title='bbox 682 542 766 601; x_wconf 89' lang='lat' dir='ltr'><strong>natis.</strong></span> 
     </span>
    </p>

    <p class='ocr_par' dir='ltr' id='par_1_3' title="bbox 79 625 1148 956">
     <span class='ocr_line' id='line_1_5' title="bbox 79 625 1122 707; baseline -0.005 -17"><span class='ocrx_word' id='word_1_31' title='bbox 79 642 130 696; x_wconf 79' lang='lat'><strong>131</strong></span> <span class='ocrx_word' id='word_1_32' title='bbox 206 629 288 707; x_wconf 85' lang='lat'><strong>(35.)</strong></span> <span class='ocrx_word' id='word_1_33' title='bbox 305 625 380 705; x_wconf 84' lang='lat' dir='ltr'>Napi</span> <span class='ocrx_word' id='word_1_34' title='bbox 394 643 465 685; x_wconf 83' lang='lat' dir='ltr'><strong>vero</strong></span> <span class='ocrx_word' id='word_1_35' title='bbox 481 625 661 701; x_wconf 79' lang='lat' dir='ltr'><strong>Amiternini,</strong></span> <span class='ocrx_word' id='word_1_36' title='bbox 679 641 800 703; x_wconf 89' lang='lat' dir='ltr'><strong>quorum</strong></span> <span class='ocrx_word' id='word_1_37' title='bbox 815 626 916 685; x_wconf 88' lang='lat' dir='ltr'><strong>eadem</strong></span> <span class='ocrx_word' id='word_1_38' title='bbox 931 626 994 685; x_wconf 88' lang='lat' dir='ltr'><strong>iere</strong></span> <span class='ocrx_word' id='word_1_39' title='bbox 1011 634 1122 701; x_wconf 90' lang='lat' dir='ltr'><strong>natura,</strong></span> 
     </span>
     <span class='ocr_line' id='line_1_6' title="bbox 120 708 1148 792; baseline -0.004 -18"><span class='ocrx_word' id='word_1_40' title='bbox 120 713 246 792; x_wconf 78' lang='lat' dir='ltr'><strong>gaudent</strong></span> <span class='ocrx_word' id='word_1_41' title='bbox 270 728 364 788; x_wconf 88' lang='lat' dir='ltr'><strong>aeque</strong></span> <span class='ocrx_word' id='word_1_42' title='bbox 387 709 509 786; x_wconf 77' lang='lat' dir='ltr'><strong>frigidis.</strong></span> <span class='ocrx_word' id='word_1_43' title='bbox 544 718 678 769; x_wconf 91' lang='lat' dir='ltr'><strong>seruntur</strong></span> <span class='ocrx_word' id='word_1_44' title='bbox 694 718 722 767; x_wconf 88' lang='lat' dir='ltr'><strong>et</strong></span> <span class='ocrx_word' id='word_1_45' title='bbox 739 717 804 768; x_wconf 87' lang='lat' dir='ltr'><strong>aute</strong></span> <span class='ocrx_word' id='word_1_46' title='bbox 829 709 968 769; x_wconf 83' lang='lat' dir='ltr'><strong>kalendas</strong></span> <span class='ocrx_word' id='word_1_47' title='bbox 993 708 1148 785; x_wconf 62' lang='lat' dir='ltr'><strong>Martiano</strong></span> 
     </span>
     <span class='ocr_line' id='line_1_7' title="bbox 121 793 1122 874; baseline -0.003 -18"><span class='ocrx_word' id='word_1_48' title='bbox 121 801 150 856; x_wconf 92' lang='lat' dir='ltr'><strong>in</strong></span> <span class='ocrx_word' id='word_1_49' title='bbox 163 800 265 874; x_wconf 87' lang='lat' dir='ltr'><strong>iugero</strong></span> <span class='ocrx_word' id='word_1_50' title='bbox 279 796 397 854; x_wconf 82' lang='lat' dir='ltr'><strong>sextarii</strong></span> <span class='ocrx_word' id='word_1_51' title='bbox 412 803 555 871; x_wconf 87' lang='lat' dir='ltr'><strong>quattuor.</strong></span> <span class='ocrx_word' id='word_1_52' title='bbox 581 793 781 870; x_wconf 84' lang='lat' dir='ltr'><strong>diligentiores</strong></span> <span class='ocrx_word' id='word_1_53' title='bbox 797 795 896 872; x_wconf 89' lang='lat' dir='ltr'><strong>quinto</strong></span> <span class='ocrx_word' id='word_1_54' title='bbox 913 793 996 853; x_wconf 91' lang='lat' dir='ltr'><strong>sulco</strong></span> <span class='ocrx_word' id='word_1_55' title='bbox 1017 812 1122 872; x_wconf 91' lang='lat' dir='ltr'><strong>napum</strong></span> 
     </span>
     <span class='ocr_line' id='line_1_8' title="bbox 122 877 1122 956; baseline -0.005 -15"><span class='ocrx_word' id='word_1_56' title='bbox 122 883 181 941; x_wconf 90' lang='lat' dir='ltr'><strong>seri</strong></span> <span class='ocrx_word' id='word_1_57' title='bbox 199 879 312 955; x_wconf 89' lang='lat' dir='ltr'><strong>iubent,</strong></span> <span class='ocrx_word' id='word_1_58' title='bbox 341 895 412 956; x_wconf 86' lang='lat' dir='ltr'><strong>rapa</strong></span> <span class='ocrx_word' id='word_1_59' title='bbox 434 886 554 955; x_wconf 88' lang='lat' dir='ltr'><strong>quarto,</strong></span> <span class='ocrx_word' id='word_1_60' title='bbox 583 886 733 954; x_wconf 86' lang='lat' dir='ltr'><strong>utmmque</strong></span> <span class='ocrx_word' id='word_1_61' title='bbox 754 885 934 952; x_wconf 89' lang='lat' dir='ltr'><strong>stercorato,</strong></span> <span class='ocrx_word' id='word_1_62' title='bbox 966 895 1038 955; x_wconf 88' lang='lat' dir='ltr'><strong>rapa</strong></span> <span class='ocrx_word' id='word_1_63' title='bbox 1063 877 1122 937; x_wconf 90' lang='lat' dir='ltr'><strong>lae-</strong></span> 
     </span>
    </p>
   </div>
   <div class='ocr_carea' id='block_1_3' title="bbox 79 961 1160 1291">
    <p class='ocr_par' dir='ltr' id='par_1_4' title="bbox 79 961 1124 1127">
     <span class='ocr_line' id='line_1_9' title="bbox 121 961 1124 1038; baseline -0.005 -13"><span class='ocrx_word' id='word_1_64' title='bbox 121 967 196 1025; x_wconf 87' lang='lat' dir='ltr'><strong>tiora</strong></span> <span class='ocrx_word' id='word_1_65' title='bbox 219 964 297 1038; x_wconf 89' lang='lat' dir='ltr'><strong>lieri,</strong></span> <span class='ocrx_word' id='word_1_66' title='bbox 320 963 344 1020; x_wconf 90' lang='lat' dir='ltr'><strong>si</strong></span> <span class='ocrx_word' id='word_1_67' title='bbox 369 980 432 1020; x_wconf 91' lang='lat' dir='ltr'><strong>cum</strong></span> <span class='ocrx_word' id='word_1_68' title='bbox 456 962 541 1038; x_wconf 93' lang='lat' dir='ltr'><strong>palea</strong></span> <span class='ocrx_word' id='word_1_69' title='bbox 563 962 748 1020; x_wconf 88' lang='lat' dir='ltr'><strong>seminentur.</strong></span> <span class='ocrx_word' id='word_1_70' title='bbox 780 979 882 1020; x_wconf 89' lang='lat' dir='ltr'><strong>serere</strong></span> <span class='ocrx_word' id='word_1_71' title='bbox 903 961 1008 1021; x_wconf 92' lang='lat' dir='ltr'><strong>nudum</strong></span> <span class='ocrx_word' id='word_1_72' title='bbox 1023 961 1124 1020; x_wconf 89' lang='lat' dir='ltr'><strong>volunt</strong></span> 
     </span>
     <span class='ocr_line' id='line_1_10' title="bbox 79 1045 1124 1127; baseline -0.01 -15"><span class='ocrx_word' id='word_1_73' title='bbox 79 1058 131 1112; x_wconf 83' lang='lat'><strong>132</strong></span> <span class='ocrx_word' id='word_1_74' title='bbox 141 1056 309 1127; x_wconf 88' lang='lat' dir='ltr'><strong>precantem</strong></span> <span class='ocrx_word' id='word_1_75' title='bbox 330 1045 385 1104; x_wconf 89' lang='lat' dir='ltr'><strong>sibi</strong></span> <span class='ocrx_word' id='word_1_76' title='bbox 408 1053 436 1103; x_wconf 86' lang='lat' dir='ltr'><strong>et</strong></span> <span class='ocrx_word' id='word_1_77' title='bbox 451 1045 554 1103; x_wconf 85' lang='lat' dir='ltr'><strong>vicinis</strong></span> <span class='ocrx_word' id='word_1_78' title='bbox 575 1063 676 1105; x_wconf 86' lang='lat' dir='ltr'><strong>serere</strong></span> <span class='ocrx_word' id='word_1_79' title='bbox 701 1063 744 1104; x_wconf 91' lang='lat' dir='ltr'><strong>se.</strong></span> <span class='ocrx_word' id='word_1_80' title='bbox 780 1045 865 1105; x_wconf 89' lang='lat' dir='ltr'><strong>Satus</strong></span> <span class='ocrx_word' id='word_1_81' title='bbox 881 1045 994 1122; x_wconf 88' lang='lat' dir='ltr'><strong>utrique</strong></span> <span class='ocrx_word' id='word_1_82' title='bbox 1020 1046 1124 1122; x_wconf 85' lang='lat' dir='ltr'><strong>generi</strong></span> 
     </span>
    </p>

    <p class='ocr_par' dir='ltr' id='par_1_5' title="bbox 121 1127 1160 1208">
     <span class='ocr_line' id='line_1_11' title="bbox 121 1127 1160 1208; baseline -0.005 -18"><span class='ocrx_word' id='word_1_83' title='bbox 121 1134 213 1190; x_wconf 92' lang='lat' dir='ltr'><strong>iustus</strong></span> <span class='ocrx_word' id='word_1_84' title='bbox 241 1132 315 1188; x_wconf 88' lang='lat' dir='ltr'><strong>inter</strong></span> <span class='ocrx_word' id='word_1_85' title='bbox 338 1127 458 1187; x_wconf 93' lang='lat' dir='ltr'><strong>duorum</strong></span> <span class='ocrx_word' id='word_1_86' title='bbox 482 1129 626 1188; x_wconf 89' lang='lat' dir='ltr'><strong>numinum</strong></span> <span class='ocrx_word' id='word_1_87' title='bbox 644 1128 707 1188; x_wconf 89' lang='lat' dir='ltr'><strong>dies</strong></span> <span class='ocrx_word' id='word_1_88' title='bbox 735 1128 845 1205; x_wconf 83' lang='lat' dir='ltr'><strong>festos,</strong></span> <span class='ocrx_word' id='word_1_89' title='bbox 880 1127 1007 1206; x_wconf 85' lang='lat' dir='ltr'><strong>Neptuni</strong></span> <span class='ocrx_word' id='word_1_90' title='bbox 1032 1137 1123 1208; x_wconf 85' lang='lat' dir='ltr'><strong>utque</strong></span> <span class='ocrx_word' id='word_1_91' title='bbox 1135 1146 1160 1186; x_wconf 87' lang='lat' dir='ltr'><strong>ro</strong></span> 
     </span>
    </p>

    <p class='ocr_par' dir='ltr' id='par_1_6' title="bbox 121 1211 1123 1291">
     <span class='ocr_line' id='line_1_12' title="bbox 121 1211 1123 1291; baseline -0.002 -17"><span class='ocrx_word' id='word_1_92' title='bbox 121 1214 254 1274; x_wconf 90' lang='lat' dir='ltr'><strong>Volcani.</strong></span> <span class='ocrx_word' id='word_1_93' title='bbox 284 1212 437 1289; x_wconf 84' lang='lat' dir='ltr'><strong>feruntque</strong></span> <span class='ocrx_word' id='word_1_94' title='bbox 466 1211 563 1272; x_wconf 85' lang='lat' dir='ltr'><strong>subtili</strong></span> <span class='ocrx_word' id='word_1_95' title='bbox 585 1212 811 1288; x_wconf 89' lang='lat' dir='ltr'><strong>observatione,</strong></span> <span class='ocrx_word' id='word_1_96' title='bbox 835 1221 923 1290; x_wconf 87' lang='lat' dir='ltr'><strong>quota</strong></span> <span class='ocrx_word' id='word_1_97' title='bbox 947 1212 1013 1272; x_wconf 93' lang='lat' dir='ltr'><strong>luna</strong></span> <span class='ocrx_word' id='word_1_98' title='bbox 1039 1230 1123 1291; x_wconf 91' lang='lat' dir='ltr'><strong>prae·</strong></span> 
     </span>
    </p>
   </div>
   <div class='ocr_carea' id='block_1_4' title="bbox 66 1296 1200 3549">
    <p class='ocr_par' dir='ltr' id='par_1_7' title="bbox 121 1296 1200 1542">
     <span class='ocr_line' id='line_1_13' title="bbox 122 1296 1200 1374; baseline -0.001 -17"><span class='ocrx_word' id='word_1_99' title='bbox 122 1297 245 1357; x_wconf 86' lang='lat' dir='ltr'><strong>cedente</strong></span> <span class='ocrx_word' id='word_1_100' title='bbox 266 1296 361 1354; x_wconf 92' lang='lat' dir='ltr'><strong>hieme</strong></span> <span class='ocrx_word' id='word_1_101' title='bbox 383 1296 432 1354; x_wconf 81' lang='lat' dir='ltr'><strong>nix</strong></span> <span class='ocrx_word' id='word_1_102' title='bbox 453 1296 545 1374; x_wconf 88' lang='lat' dir='ltr'><strong>prima</strong></span> <span class='ocrx_word' id='word_1_103' title='bbox 565 1297 722 1372; x_wconf 88' lang='lat' dir='ltr'><strong>ceciderit,</strong></span> <span class='ocrx_word' id='word_1_104' title='bbox 746 1297 770 1356; x_wconf 91' lang='lat' dir='ltr'><strong>si</strong></span> <span class='ocrx_word' id='word_1_105' title='bbox 786 1298 906 1357; x_wconf 90' lang='lat' dir='ltr'><strong>totidem</strong></span> <span class='ocrx_word' id='word_1_106' title='bbox 924 1296 1059 1356; x_wconf 90' lang='lat' dir='ltr'><strong>luminum</strong></span> <span class='ocrx_word' id='word_1_107' title='bbox 1077 1298 1124 1357; x_wconf 90' lang='lat' dir='ltr'><strong>die</strong></span> <span class='ocrx_word' id='word_1_108' title='bbox 1197 1334 1200 1339; x_wconf 95' lang='lat'><em>-</em></span> 
     </span>
     <span class='ocr_line' id='line_1_14' title="bbox 121 1379 1125 1459; baseline 0 -19"><span class='ocrx_word' id='word_1_109' title='bbox 121 1383 194 1441; x_wconf 89' lang='lat' dir='ltr'><strong>intra</strong></span> <span class='ocrx_word' id='word_1_110' title='bbox 209 1379 387 1458; x_wconf 87' lang='lat' dir='ltr'><strong>praedictum</strong></span> <span class='ocrx_word' id='word_1_111' title='bbox 402 1381 542 1458; x_wconf 85' lang='lat' dir='ltr'><strong>temporis</strong></span> <span class='ocrx_word' id='word_1_112' title='bbox 557 1381 681 1458; x_wconf 89' lang='lat' dir='ltr'><strong>spatium</strong></span> <span class='ocrx_word' id='word_1_113' title='bbox 696 1389 845 1457; x_wconf 87' lang='lat' dir='ltr'><strong>serantur,</strong></span> <span class='ocrx_word' id='word_1_114' title='bbox 868 1381 939 1440; x_wconf 90' lang='lat' dir='ltr'><strong>mire</strong></span> <span class='ocrx_word' id='word_1_115' title='bbox 957 1381 1125 1459; x_wconf 89' lang='lat' dir='ltr'><strong>provenire.</strong></span> 
     </span>
     <span class='ocr_line' id='line_1_15' title="bbox 121 1463 777 1542; baseline -0.005 -17"><span class='ocrx_word' id='word_1_116' title='bbox 121 1473 255 1525; x_wconf 89' lang='lat' dir='ltr'><strong>seruntur</strong></span> <span class='ocrx_word' id='word_1_117' title='bbox 273 1472 302 1522; x_wconf 91' lang='lat' dir='ltr'><strong>et</strong></span> <span class='ocrx_word' id='word_1_118' title='bbox 314 1481 386 1522; x_wconf 83' lang='lat' dir='ltr'><strong>vere</strong></span> <span class='ocrx_word' id='word_1_119' title='bbox 401 1464 430 1521; x_wconf 92' lang='lat' dir='ltr'><strong>in</strong></span> <span class='ocrx_word' id='word_1_120' title='bbox 446 1463 547 1523; x_wconf 89' lang='lat' dir='ltr'><strong>calidis</strong></span> <span class='ocrx_word' id='word_1_121' title='bbox 563 1473 650 1542; x_wconf 89' lang='lat' dir='ltr'><strong>atque</strong></span> <span class='ocrx_word' id='word_1_122' title='bbox 665 1465 777 1524; x_wconf 89' lang='lat' dir='ltr'><strong>umidis.</strong></span> 
     </span>
    </p>

    <p class='ocr_par' dir='ltr' id='par_1_8' title="bbox 80 1547 1160 2126">
     <span class='ocr_line' id='line_1_16' title="bbox 80 1547 1160 1627; baseline 0 -19"><span class='ocrx_word' id='word_1_123' title='bbox 80 1558 132 1613; x_wconf 81' lang='grc'><strong>133</strong></span> <span class='ocrx_word' id='word_1_124' title='bbox 207 1549 255 1608; x_wconf 86' lang='grc'><strong>14.</strong></span> <span class='ocrx_word' id='word_1_125' title='bbox 279 1547 362 1627; x_wconf 87' lang='grc'>(36.)</span> <span class='ocrx_word' id='word_1_126' title='bbox 382 1547 493 1626; x_wconf 89' lang='lat' dir='ltr'><strong>hupino</strong></span> <span class='ocrx_word' id='word_1_127' title='bbox 508 1565 576 1606; x_wconf 90' lang='lat' dir='ltr'><strong>usus</strong></span> <span class='ocrx_word' id='word_1_128' title='bbox 595 1565 768 1626; x_wconf 84' lang='lat' dir='ltr'><strong>proxumus,</strong></span> <span class='ocrx_word' id='word_1_129' title='bbox 792 1566 855 1607; x_wconf 90' lang='lat' dir='ltr'><strong>cum</strong></span> <span class='ocrx_word' id='word_1_130' title='bbox 870 1549 907 1607; x_wconf 91' lang='lat' dir='ltr'><strong>sit</strong></span> <span class='ocrx_word' id='word_1_131' title='bbox 925 1557 954 1608; x_wconf 90' lang='lat' dir='ltr'><strong>et</strong></span> <span class='ocrx_word' id='word_1_132' title='bbox 969 1548 1076 1607; x_wconf 92' lang='lat' dir='ltr'><strong>homini</strong></span> <span class='ocrx_word' id='word_1_133' title='bbox 1096 1557 1125 1607; x_wconf 90' lang='lat' dir='ltr'><strong>et</strong></span> <span class='ocrx_word' id='word_1_134' title='bbox 1135 1568 1160 1608; x_wconf 83' lang='lat' dir='ltr'><strong>rs</strong></span> 
     </span>
     <span class='ocr_line' id='line_1_17' title="bbox 123 1631 1125 1711; baseline -0.001 -20"><span class='ocrx_word' id='word_1_135' title='bbox 123 1632 330 1711; x_wconf 83' lang='lat' dir='ltr'><strong>quadripedum</strong></span> <span class='ocrx_word' id='word_1_136' title='bbox 355 1633 457 1709; x_wconf 87' lang='lat' dir='ltr'><strong>generi</strong></span> <span class='ocrx_word' id='word_1_137' title='bbox 481 1631 603 1708; x_wconf 87' lang='lat' dir='ltr'><strong>ungulas</strong></span> <span class='ocrx_word' id='word_1_138' title='bbox 629 1631 745 1691; x_wconf 87' lang='lat' dir='ltr'><strong>habenti</strong></span> <span class='ocrx_word' id='word_1_139' title='bbox 769 1633 934 1691; x_wconf 88' lang='lat' dir='ltr'><strong>eommunis.</strong></span> <span class='ocrx_word' id='word_1_140' title='bbox 966 1631 1125 1691; x_wconf 88' lang='lat' dir='ltr'><strong>remedium</strong></span> 
     </span>
     <span class='ocr_line' id='line_1_18' title="bbox 123 1714 1125 1794; baseline -0.002 -19"><span class='ocrx_word' id='word_1_141' title='bbox 123 1717 185 1775; x_wconf 92' lang='lat' dir='ltr'><strong>eius</strong></span> <span class='ocrx_word' id='word_1_142' title='bbox 202 1734 239 1774; x_wconf 94' lang='lat' dir='ltr'><strong>ne</strong></span> <span class='ocrx_word' id='word_1_143' title='bbox 254 1717 388 1774; x_wconf 87' lang='lat' dir='ltr'><strong>metentis</strong></span> <span class='ocrx_word' id='word_1_144' title='bbox 404 1715 494 1791; x_wconf 85' lang='lat' dir='ltr'><strong>fugiat</strong></span> <span class='ocrx_word' id='word_1_145' title='bbox 509 1715 688 1790; x_wconf 86' lang='lat' dir='ltr'><strong>exsiliendo,</strong></span> <span class='ocrx_word' id='word_1_146' title='bbox 712 1724 742 1774; x_wconf 86' lang='lat' dir='ltr'><strong>ut</strong></span> <span class='ocrx_word' id='word_1_147' title='bbox 758 1715 795 1774; x_wconf 87' lang='lat' dir='ltr'><strong>ab</strong></span> <span class='ocrx_word' id='word_1_148' title='bbox 812 1714 903 1794; x_wconf 88' lang='lat' dir='ltr'><strong>imbre</strong></span> <span class='ocrx_word' id='word_1_149' title='bbox 918 1715 1046 1775; x_wconf 87' lang='lat' dir='ltr'><strong>tollatur.</strong></span> <span class='ocrx_word' id='word_1_150' title='bbox 1068 1732 1125 1774; x_wconf 92' lang='lat' dir='ltr'><strong>nec</strong></span> 
     </span>
     <span class='ocr_line' id='line_1_19' title="bbox 123 1798 1123 1876; baseline 0.002 -18"><span class='ocrx_word' id='word_1_151' title='bbox 123 1800 208 1859; x_wconf 91' lang='lat' dir='ltr'><strong>ullius</strong></span> <span class='ocrx_word' id='word_1_152' title='bbox 236 1817 311 1876; x_wconf 88' lang='lat' dir='ltr'><strong>quae</strong></span> <span class='ocrx_word' id='word_1_153' title='bbox 341 1806 455 1858; x_wconf 82' lang='lat' dir='ltr'><strong>seratur</strong></span> <span class='ocrx_word' id='word_1_154' title='bbox 484 1807 584 1857; x_wconf 88' lang='lat' dir='ltr'><strong>natura</strong></span> <span class='ocrx_word' id='word_1_155' title='bbox 610 1798 736 1859; x_wconf 87' lang='lat' dir='ltr'><strong>adsensu</strong></span> <span class='ocrx_word' id='word_1_156' title='bbox 761 1807 858 1858; x_wconf 85' lang='lat' dir='ltr'><strong>terrae</strong></span> <span class='ocrx_word' id='word_1_157' title='bbox 884 1799 1045 1859; x_wconf 90' lang='lat' dir='ltr'><strong>mirabilior</strong></span> <span class='ocrx_word' id='word_1_158' title='bbox 1069 1806 1123 1860; x_wconf 90' lang='lat' dir='ltr'><strong>est.</strong></span> 
     </span>
     <span class='ocr_line' id='line_1_20' title="bbox 124 1881 1124 1961; baseline -0.002 -20"><span class='ocrx_word' id='word_1_159' title='bbox 124 1885 243 1961; x_wconf 90' lang='lat' dir='ltr'><strong>primum</strong></span> <span class='ocrx_word' id='word_1_160' title='bbox 270 1882 394 1940; x_wconf 90' lang='lat' dir='ltr'><strong>omnium</strong></span> <span class='ocrx_word' id='word_1_161' title='bbox 420 1881 527 1939; x_wconf 81' lang='lat' dir='ltr'><strong>cotidie</strong></span> <span class='ocrx_word' id='word_1_162' title='bbox 555 1899 618 1939; x_wconf 89' lang='lat' dir='ltr'><strong>cum</strong></span> <span class='ocrx_word' id='word_1_163' title='bbox 645 1882 710 1941; x_wconf 93' lang='lat' dir='ltr'><strong>sole</strong></span> <span class='ocrx_word' id='word_1_164' title='bbox 740 1883 945 1958; x_wconf 84' lang='lat' dir='ltr'><strong>circumagitur</strong></span> <span class='ocrx_word' id='word_1_165' title='bbox 977 1881 1124 1959; x_wconf 85' lang='lat' dir='ltr'><strong>horasque</strong></span> 
     </span>
     <span class='ocr_line' id='line_1_21' title="bbox 124 1962 1160 2043; baseline -0.002 -19"><span class='ocrx_word' id='word_1_166' title='bbox 124 1964 261 2041; x_wconf 89' lang='lat' dir='ltr'><strong>agricolis</strong></span> <span class='ocrx_word' id='word_1_167' title='bbox 277 1966 362 2023; x_wconf 88' lang='lat' dir='ltr'><strong>etiam</strong></span> <span class='ocrx_word' id='word_1_168' title='bbox 383 1962 481 2022; x_wconf 92' lang='lat' dir='ltr'><strong>nubilo</strong></span> <span class='ocrx_word' id='word_1_169' title='bbox 500 1962 688 2025; x_wconf 89' lang='lat' dir='ltr'><strong>demonstrat.</strong></span> <span class='ocrx_word' id='word_1_170' title='bbox 718 1974 764 2024; x_wconf 84' lang='lat' dir='ltr'><strong>ter</strong></span> <span class='ocrx_word' id='word_1_171' title='bbox 782 1975 937 2043; x_wconf 89' lang='lat' dir='ltr'><strong>praeterea</strong></span> <span class='ocrx_word' id='word_1_172' title='bbox 952 1965 1049 2041; x_wconf 85' lang='lat' dir='ltr'><strong>floret,</strong></span> <span class='ocrx_word' id='word_1_173' title='bbox 1066 1973 1124 2024; x_wconf 88' lang='lat' dir='ltr'><strong>ter·</strong></span> <span class='ocrx_word' id='word_1_174' title='bbox 1135 1982 1160 2022; x_wconf 77' lang='lat' dir='ltr'><strong>aa</strong></span> 
     </span>
     <span class='ocr_line' id='line_1_22' title="bbox 124 2049 1126 2126; baseline -0.002 -19"><span class='ocrx_word' id='word_1_175' title='bbox 124 2067 183 2108; x_wconf 90' lang='lat' dir='ltr'><strong>ram</strong></span> <span class='ocrx_word' id='word_1_176' title='bbox 211 2057 286 2108; x_wconf 87' lang='lat' dir='ltr'><strong>amat</strong></span> <span class='ocrx_word' id='word_1_177' title='bbox 301 2057 436 2126; x_wconf 82' lang='lat' dir='ltr'><strong>terraque</strong></span> <span class='ocrx_word' id='word_1_178' title='bbox 454 2049 562 2125; x_wconf 87' lang='lat' dir='ltr'><strong>operiri</strong></span> <span class='ocrx_word' id='word_1_179' title='bbox 590 2065 648 2109; x_wconf 91' lang='lat' dir='ltr'><strong>non</strong></span> <span class='ocrx_word' id='word_1_180' title='bbox 673 2049 745 2109; x_wconf 86' lang='lat' dir='ltr'><strong>volt.</strong></span> <span class='ocrx_word' id='word_1_181' title='bbox 787 2058 816 2107; x_wconf 89' lang='lat' dir='ltr'><strong>et</strong></span> <span class='ocrx_word' id='word_1_182' title='bbox 833 2068 918 2109; x_wconf 90' lang='lat' dir='ltr'><strong>unum</strong></span> <span class='ocrx_word' id='word_1_183' title='bbox 935 2049 994 2108; x_wconf 90' lang='lat' dir='ltr'><strong>hoc</strong></span> <span class='ocrx_word' id='word_1_184' title='bbox 1019 2049 1126 2108; x_wconf 88' lang='lat' dir='ltr'><strong>seritur</strong></span> 
     </span>
    </p>

    <p class='ocr_par' dir='ltr' id='par_1_9' title="bbox 83 2131 1163 2463">
     <span class='ocr_line' id='line_1_23' title="bbox 83 2131 1125 2211; baseline -0.005 -17"><span class='ocrx_word' id='word_1_185' title='bbox 83 2141 203 2196; x_wconf 76' lang='lat' dir='ltr'><strong>134non</strong></span> <span class='ocrx_word' id='word_1_186' title='bbox 226 2142 315 2194; x_wconf 90' lang='lat' dir='ltr'><strong>arato.</strong></span> <span class='ocrx_word' id='word_1_187' title='bbox 349 2132 461 2210; x_wconf 85' lang='lat' dir='ltr'><strong>quaerit</strong></span> <span class='ocrx_word' id='word_1_188' title='bbox 481 2149 614 2191; x_wconf 88' lang='lat' dir='ltr'><strong>maxume</strong></span> <span class='ocrx_word' id='word_1_189' title='bbox 632 2133 768 2193; x_wconf 89' lang='lat' dir='ltr'><strong>sabulosa</strong></span> <span class='ocrx_word' id='word_1_190' title='bbox 785 2143 814 2192; x_wconf 91' lang='lat' dir='ltr'><strong>et</strong></span> <span class='ocrx_word' id='word_1_191' title='bbox 831 2134 910 2193; x_wconf 87' lang='lat' dir='ltr'><strong>sicca</strong></span> <span class='ocrx_word' id='word_1_192' title='bbox 932 2142 1020 2211; x_wconf 86' lang='lat' dir='ltr'><strong>atque</strong></span> <span class='ocrx_word' id='word_1_193' title='bbox 1039 2131 1125 2191; x_wconf 86' lang='lat' dir='ltr'><strong>etiam</strong></span> 
     </span>
     <span class='ocr_line' id='line_1_24' title="bbox 124 2217 1124 2294; baseline -0.004 -17"><span class='ocrx_word' id='word_1_194' title='bbox 124 2217 277 2292; x_wconf 90' lang='lat' dir='ltr'><strong>harenosa,</strong></span> <span class='ocrx_word' id='word_1_195' title='bbox 293 2217 351 2276; x_wconf 90' lang='lat' dir='ltr'><strong>coli</strong></span> <span class='ocrx_word' id='word_1_196' title='bbox 368 2217 466 2294; x_wconf 86' lang='lat' dir='ltr'><strong>utique</strong></span> <span class='ocrx_word' id='word_1_197' title='bbox 484 2233 541 2274; x_wconf 91' lang='lat' dir='ltr'><strong>uon</strong></span> <span class='ocrx_word' id='word_1_198' title='bbox 557 2217 627 2276; x_wconf 83' lang='lat' dir='ltr'><strong>volt.</strong></span> <span class='ocrx_word' id='word_1_199' title='bbox 653 2218 788 2277; x_wconf 88' lang='lat' dir='ltr'><strong>tellurem</strong></span> <span class='ocrx_word' id='word_1_200' title='bbox 800 2217 875 2277; x_wconf 88' lang='lat' dir='ltr'><strong>adeo</strong></span> <span class='ocrx_word' id='word_1_201' title='bbox 891 2225 965 2276; x_wconf 91' lang='lat' dir='ltr'><strong>amat</strong></span> <span class='ocrx_word' id='word_1_202' title='bbox 979 2225 1010 2274; x_wconf 93' lang='lat' dir='ltr'><strong>ut</strong></span> <span class='ocrx_word' id='word_1_203' title='bbox 1028 2232 1124 2294; x_wconf 86' lang='lat' dir='ltr'><strong>quam·</strong></span> 
     </span>
     <span class='ocr_line' id='line_1_25' title="bbox 124 2299 1126 2379; baseline -0.003 -19"><span class='ocrx_word' id='word_1_204' title='bbox 124 2303 168 2361; x_wconf 92' lang='lat' dir='ltr'><strong>vis</strong></span> <span class='ocrx_word' id='word_1_205' title='bbox 183 2301 344 2361; x_wconf 84' lang='lat' dir='ltr'><strong>frutectoso</strong></span> <span class='ocrx_word' id='word_1_206' title='bbox 368 2301 433 2361; x_wconf 91' lang='lat' dir='ltr'><strong>solo</strong></span> <span class='ocrx_word' id='word_1_207' title='bbox 451 2302 595 2360; x_wconf 90' lang='lat' dir='ltr'><strong>coiectum</strong></span> <span class='ocrx_word' id='word_1_208' title='bbox 611 2303 684 2360; x_wconf 89' lang='lat' dir='ltr'><strong>inter</strong></span> <span class='ocrx_word' id='word_1_209' title='bbox 704 2301 774 2361; x_wconf 87' lang='lat' dir='ltr'><strong>lolia</strong></span> <span class='ocrx_word' id='word_1_210' title='bbox 792 2303 951 2379; x_wconf 86' lang='lat' dir='ltr'><strong>veprisque</strong></span> <span class='ocrx_word' id='word_1_211' title='bbox 967 2299 1003 2359; x_wconf 93' lang='lat' dir='ltr'><strong>ad</strong></span> <span class='ocrx_word' id='word_1_212' title='bbox 1019 2309 1126 2358; x_wconf 82' lang='lat' dir='ltr'><strong>terram</strong></span> 
     </span>
     <span class='ocr_line' id='line_1_26' title="bbox 125 2383 1163 2463; baseline -0.003 -20"><span class='ocrx_word' id='word_1_213' title='bbox 125 2395 218 2445; x_wconf 88' lang='lat' dir='ltr'><strong>tamen</strong></span> <span class='ocrx_word' id='word_1_214' title='bbox 244 2385 343 2445; x_wconf 88' lang='lat' dir='ltr'><strong>radice</strong></span> <span class='ocrx_word' id='word_1_215' title='bbox 375 2386 535 2463; x_wconf 84' lang='lat' dir='ltr'><strong>perveniat.</strong></span> <span class='ocrx_word' id='word_1_216' title='bbox 581 2386 775 2463; x_wconf 88' lang='lat' dir='ltr'><strong>pinguescere</strong></span> <span class='ocrx_word' id='word_1_217' title='bbox 804 2385 862 2443; x_wconf 91' lang='lat' dir='ltr'><strong>hoc</strong></span> <span class='ocrx_word' id='word_1_218' title='bbox 897 2393 960 2444; x_wconf 87' lang='lat' dir='ltr'><strong>satu</strong></span> <span class='ocrx_word' id='word_1_219' title='bbox 986 2399 1056 2441; x_wconf 85' lang='lat' dir='ltr'><strong>arva</strong></span> <span class='ocrx_word' id='word_1_220' title='bbox 1083 2383 1163 2440; x_wconf 77' lang='lat' dir='ltr'><strong>tri-as</strong></span> 
     </span>
    </p>

    <p class='ocr_par' dir='ltr' id='par_1_10' title="bbox 84 2465 1126 2629">
     <span class='ocr_line' id='line_1_27' title="bbox 84 2465 1125 2546; baseline 0 -24"><span class='ocrx_word' id='word_1_221' title='bbox 84 2488 141 2530; x_wconf 58' lang='lat' dir='ltr'><strong>nnn</strong></span> <span class='ocrx_word' id='word_1_222' title='bbox 155 2486 284 2546; x_wconf 87' lang='lat' dir='ltr'><strong>neasque</strong></span> <span class='ocrx_word' id='word_1_223' title='bbox 301 2470 433 2528; x_wconf 86' lang='lat' dir='ltr'><strong>diximus.</strong></span> <span class='ocrx_word' id='word_1_224' title='bbox 466 2470 563 2545; x_wconf 84' lang='lat' dir='ltr'><strong>itaque</strong></span> <span class='ocrx_word' id='word_1_225' title='bbox 578 2468 653 2527; x_wconf 89' lang='lat' dir='ltr'><strong>adeo</strong></span> <span class='ocrx_word' id='word_1_226' title='bbox 669 2485 726 2527; x_wconf 91' lang='lat' dir='ltr'><strong>nou</strong></span> <span class='ocrx_word' id='word_1_227' title='bbox 742 2477 811 2545; x_wconf 88' lang='lat' dir='ltr'><strong>eget</strong></span> <span class='ocrx_word' id='word_1_228' title='bbox 826 2467 892 2527; x_wconf 89' lang='lat' dir='ltr'><strong>limo</strong></span> <span class='ocrx_word' id='word_1_229' title='bbox 908 2476 939 2526; x_wconf 90' lang='lat' dir='ltr'><strong>ut</strong></span> <span class='ocrx_word' id='word_1_230' title='bbox 954 2465 1063 2544; x_wconf 89' lang='lat' dir='ltr'><strong>optumi</strong></span> <span class='ocrx_word' id='word_1_231' title='bbox 1083 2465 1125 2523; x_wconf 90' lang='lat' dir='ltr'><strong>vi-</strong></span> 
     </span>
     <span class='ocr_line' id='line_1_28' title="bbox 126 2551 1126 2629; baseline -0.002 -21"><span class='ocrx_word' id='word_1_232' title='bbox 126 2568 189 2609; x_wconf 89' lang='lat' dir='ltr'><strong>cem</strong></span> <span class='ocrx_word' id='word_1_233' title='bbox 206 2560 425 2628; x_wconf 88' lang='lat' dir='ltr'><strong>repraesentet,</strong></span> <span class='ocrx_word' id='word_1_234' title='bbox 450 2551 577 2629; x_wconf 85' lang='lat' dir='ltr'><strong>nihilque</strong></span> <span class='ocrx_word' id='word_1_235' title='bbox 593 2551 671 2611; x_wconf 90' lang='lat' dir='ltr'><strong>allud</strong></span> <span class='ocrx_word' id='word_1_236' title='bbox 686 2551 765 2611; x_wconf 94' lang='lat' dir='ltr'><strong>nullo</strong></span> <span class='ocrx_word' id='word_1_237' title='bbox 782 2552 918 2629; x_wconf 92' lang='lat' dir='ltr'><strong>inpendio</strong></span> <span class='ocrx_word' id='word_1_238' title='bbox 941 2557 1072 2623; x_wconf 85' lang='lat' dir='ltr'><strong>constat,</strong></span> <span class='ocrx_word' id='word_1_239' title='bbox 1095 2557 1126 2606; x_wconf 85' lang='lat' dir='ltr'><strong>ut</strong></span> 
     </span>
    </p>

    <p class='ocr_par' dir='ltr' id='par_1_11' title="bbox 84 2633 1165 3465">
     <span class='ocr_line' id='line_1_29' title="bbox 84 2633 1126 2714; baseline -0.005 -19"><span class='ocrx_word' id='word_1_240' title='bbox 84 2643 133 2695; x_wconf 78' lang='lat'><strong>135</strong></span> <span class='ocrx_word' id='word_1_241' title='bbox 147 2633 224 2711; x_wconf 91' lang='lat' dir='ltr'><strong>quod</strong></span> <span class='ocrx_word' id='word_1_242' title='bbox 238 2652 274 2693; x_wconf 91' lang='lat' dir='ltr'><strong>ne</strong></span> <span class='ocrx_word' id='word_1_243' title='bbox 295 2636 412 2696; x_wconf 91' lang='lat' dir='ltr'><strong>serendi</strong></span> <span class='ocrx_word' id='word_1_244' title='bbox 428 2635 543 2713; x_wconf 88' lang='lat' dir='ltr'><strong>quidem</strong></span> <span class='ocrx_word' id='word_1_245' title='bbox 568 2638 661 2712; x_wconf 87' lang='lat' dir='ltr'><strong>gratia</strong></span> <span class='ocrx_word' id='word_1_246' title='bbox 678 2653 751 2714; x_wconf 90' lang='lat' dir='ltr'><strong>opus</strong></span> <span class='ocrx_word' id='word_1_247' title='bbox 773 2637 810 2694; x_wconf 89' lang='lat' dir='ltr'><strong>sit</strong></span> <span class='ocrx_word' id='word_1_248' title='bbox 830 2635 957 2695; x_wconf 82' lang='lat' dir='ltr'><strong>adferre.</strong></span> <span class='ocrx_word' id='word_1_249' title='bbox 994 2634 1126 2712; x_wconf 89' lang='lat' dir='ltr'><strong>protinus</strong></span> 
     </span>
     <span class='ocr_line' id='line_1_30' title="bbox 126 2716 1126 2797; baseline -0.001 -22"><span class='ocrx_word' id='word_1_250' title='bbox 126 2718 229 2775; x_wconf 88' lang='lat' dir='ltr'><strong>seritur</strong></span> <span class='ocrx_word' id='word_1_251' title='bbox 258 2735 295 2776; x_wconf 82' lang='lat' dir='ltr'><strong>ex</strong></span> <span class='ocrx_word' id='word_1_252' title='bbox 318 2736 405 2793; x_wconf 87' lang='lat' dir='ltr'><strong>arvo,</strong></span> <span class='ocrx_word' id='word_1_253' title='bbox 437 2736 472 2778; x_wconf 89' lang='lat' dir='ltr'><strong>ac</strong></span> <span class='ocrx_word' id='word_1_254' title='bbox 495 2737 532 2776; x_wconf 91' lang='lat' dir='ltr'><strong>ne</strong></span> <span class='ocrx_word' id='word_1_255' title='bbox 561 2720 659 2796; x_wconf 89' lang='lat' dir='ltr'><strong>spargi</strong></span> <span class='ocrx_word' id='word_1_256' title='bbox 687 2719 802 2797; x_wconf 88' lang='lat' dir='ltr'><strong>quidem</strong></span> <span class='ocrx_word' id='word_1_257' title='bbox 831 2719 959 2796; x_wconf 91' lang='lat' dir='ltr'><strong>postulat</strong></span> <span class='ocrx_word' id='word_1_258' title='bbox 985 2716 1126 2777; x_wconf 91' lang='lat' dir='ltr'><strong>decidens</strong></span> 
     </span>
     <span class='ocr_line' id='line_1_31' title="bbox 126 2800 1163 2879; baseline -0.004 -19"><span class='ocrx_word' id='word_1_259' title='bbox 126 2809 240 2879; x_wconf 87' lang='lat' dir='ltr'><strong>sponte.</strong></span> <span class='ocrx_word' id='word_1_260' title='bbox 277 2802 454 2879; x_wconf 82' lang='lat' dir='ltr'><strong>primumque</strong></span> <span class='ocrx_word' id='word_1_261' title='bbox 482 2802 605 2860; x_wconf 89' lang='lat' dir='ltr'><strong>omnium</strong></span> <span class='ocrx_word' id='word_1_262' title='bbox 633 2804 754 2878; x_wconf 89' lang='lat' dir='ltr'><strong>seritur,</strong></span> <span class='ocrx_word' id='word_1_263' title='bbox 789 2804 976 2862; x_wconf 87' lang='lat' dir='ltr'><strong>novissimum</strong></span> <span class='ocrx_word' id='word_1_264' title='bbox 1003 2800 1125 2872; x_wconf 85' lang='lat' dir='ltr'><strong>tollitur,</strong></span> <span class='ocrx_word' id='word_1_265' title='bbox 1136 2815 1163 2856; x_wconf 83' lang='lat' dir='ltr'><strong>ao</strong></span> 
     </span>
     <span class='ocr_line' id='line_1_32' title="bbox 125 2884 1127 2965; baseline -0.001 -23"><span class='ocrx_word' id='word_1_266' title='bbox 125 2894 275 2961; x_wconf 87' lang='lat' dir='ltr'><strong>utrumque</strong></span> <span class='ocrx_word' id='word_1_267' title='bbox 301 2884 467 2962; x_wconf 89' lang='lat' dir='ltr'><strong>Septembri</strong></span> <span class='ocrx_word' id='word_1_268' title='bbox 491 2885 554 2944; x_wconf 87' lang='lat' dir='ltr'><strong>lere</strong></span> <span class='ocrx_word' id='word_1_269' title='bbox 578 2903 693 2962; x_wconf 90' lang='lat' dir='ltr'><strong>mense,</strong></span> <span class='ocrx_word' id='word_1_270' title='bbox 725 2888 808 2965; x_wconf 85' lang='lat' dir='ltr'><strong>quia,</strong></span> <span class='ocrx_word' id='word_1_271' title='bbox 832 2887 856 2946; x_wconf 90' lang='lat' dir='ltr'><strong>si</strong></span> <span class='ocrx_word' id='word_1_272' title='bbox 883 2903 942 2945; x_wconf 90' lang='lat' dir='ltr'><strong>non</strong></span> <span class='ocrx_word' id='word_1_273' title='bbox 968 2884 1127 2945; x_wconf 85' lang='lat' dir='ltr'><strong>antecessit</strong></span> 
     </span>
     <span class='ocr_line' id='line_1_33' title="bbox 124 2967 1126 3049; baseline 0 -23"><span class='ocrx_word' id='word_1_274' title='bbox 124 2968 263 3043; x_wconf 84' lang='lat' dir='ltr'><strong>hiemem,</strong></span> <span class='ocrx_word' id='word_1_275' title='bbox 291 2967 449 3044; x_wconf 79' lang='lat' dir='ltr'><strong>frigoribus</strong></span> <span class='ocrx_word' id='word_1_276' title='bbox 473 2968 629 3027; x_wconf 85' lang='lat' dir='ltr'><strong>obnoxium</strong></span> <span class='ocrx_word' id='word_1_277' title='bbox 650 2980 702 3029; x_wconf 90' lang='lat' dir='ltr'><strong>est.</strong></span> <span class='ocrx_word' id='word_1_278' title='bbox 731 2971 848 3049; x_wconf 80' lang='lat' dir='ltr'><strong>inpune·</strong></span> <span class='ocrx_word' id='word_1_279' title='bbox 861 2979 1016 3049; x_wconf 87' lang='lat' dir='ltr'><strong>praeterea</strong></span> <span class='ocrx_word' id='word_1_280' title='bbox 1038 2970 1126 3042; x_wconf 84' lang='lat' dir='ltr'><strong>iacet,</strong></span> 
     </span>
     <span class='ocr_line' id='line_1_34' title="bbox 126 3051 1126 3131; baseline 0.001 -22"><span class='ocrx_word' id='word_1_281' title='bbox 126 3051 175 3109; x_wconf 85' lang='lat' dir='ltr'><strong>vel</strong></span> <span class='ocrx_word' id='word_1_282' title='bbox 190 3051 358 3110; x_wconf 89' lang='lat' dir='ltr'><strong>derelictum</strong></span> <span class='ocrx_word' id='word_1_283' title='bbox 374 3053 474 3127; x_wconf 90' lang='lat' dir='ltr'><strong>etiam,</strong></span> <span class='ocrx_word' id='word_1_284' title='bbox 498 3054 522 3112; x_wconf 87' lang='lat' dir='ltr'><strong>si</strong></span> <span class='ocrx_word' id='word_1_285' title='bbox 537 3069 595 3111; x_wconf 90' lang='lat' dir='ltr'><strong>non</strong></span> <span class='ocrx_word' id='word_1_286' title='bbox 610 3055 740 3131; x_wconf 88' lang='lat' dir='ltr'><strong>protinus</strong></span> <span class='ocrx_word' id='word_1_287' title='bbox 755 3055 847 3114; x_wconf 87' lang='lat' dir='ltr'><strong>secuti</strong></span> <span class='ocrx_word' id='word_1_288' title='bbox 870 3053 993 3114; x_wconf 90' lang='lat' dir='ltr'><strong>obruant</strong></span> <span class='ocrx_word' id='word_1_289' title='bbox 1008 3051 1126 3125; x_wconf 85' lang='lat' dir='ltr'><strong>imbres,</strong></span> 
     </span>
     <span class='ocr_line' id='line_1_35' title="bbox 126 3133 1127 3216; baseline 0.002 -24"><span class='ocrx_word' id='word_1_290' title='bbox 126 3133 161 3192; x_wconf 92' lang='lat' dir='ltr'><strong>ab</strong></span> <span class='ocrx_word' id='word_1_291' title='bbox 178 3134 308 3193; x_wconf 89' lang='lat' dir='ltr'><strong>omnibus</strong></span> <span class='ocrx_word' id='word_1_292' title='bbox 324 3134 490 3194; x_wconf 83' lang='lat' dir='ltr'><strong>animalibus</strong></span> <span class='ocrx_word' id='word_1_293' title='bbox 505 3136 690 3197; x_wconf 88' lang='lat' dir='ltr'><strong>amaritudine</strong></span> <span class='ocrx_word' id='word_1_294' title='bbox 705 3157 755 3198; x_wconf 89' lang='lat' dir='ltr'><strong>sua</strong></span> <span class='ocrx_word' id='word_1_295' title='bbox 771 3146 876 3213; x_wconf 83' lang='lat' dir='ltr'><strong>tutum,</strong></span> <span class='ocrx_word' id='word_1_296' title='bbox 898 3138 1071 3216; x_wconf 86' lang='lat' dir='ltr'><strong>plerumque</strong></span> <span class='ocrx_word' id='word_1_297' title='bbox 1085 3143 1127 3193; x_wconf 86' lang='lat' dir='ltr'><strong>ta·</strong></span> 
     </span>
     <span class='ocr_line' id='line_1_36' title="bbox 126 3218 1165 3301; baseline 0.003 -26"><span class='ocrx_word' id='word_1_298' title='bbox 126 3234 191 3276; x_wconf 90' lang='lat' dir='ltr'><strong>men</strong></span> <span class='ocrx_word' id='word_1_299' title='bbox 206 3218 264 3276; x_wconf 90' lang='lat' dir='ltr'><strong>levi</strong></span> <span class='ocrx_word' id='word_1_300' title='bbox 281 3219 362 3277; x_wconf 89' lang='lat' dir='ltr'><strong>sulco</strong></span> <span class='ocrx_word' id='word_1_301' title='bbox 374 3220 513 3296; x_wconf 90' lang='lat' dir='ltr'><strong>integunt.</strong></span> <span class='ocrx_word' id='word_1_302' title='bbox 542 3238 579 3279; x_wconf 85' lang='lat' dir='ltr'><strong>ex</strong></span> <span class='ocrx_word' id='word_1_303' title='bbox 591 3220 727 3281; x_wconf 89' lang='lat' dir='ltr'><strong>densiore</strong></span> <span class='ocrx_word' id='word_1_304' title='bbox 741 3230 820 3281; x_wconf 86' lang='lat' dir='ltr'><strong>terra</strong></span> <span class='ocrx_word' id='word_1_305' title='bbox 837 3221 981 3281; x_wconf 88' lang='lat' dir='ltr'><strong>rubricam</strong></span> <span class='ocrx_word' id='word_1_306' title='bbox 994 3235 1127 3301; x_wconf 64' lang='lat' dir='ltr'><strong>masmine</strong></span> <span class='ocrx_word' id='word_1_307' title='bbox 1139 3237 1165 3278; x_wconf 83' lang='lat' dir='ltr'><strong>as</strong></span> 
     </span>
     <span class='ocr_line' id='line_1_37' title="bbox 126 3301 1129 3382; baseline -0.003 -20"><span class='ocrx_word' id='word_1_308' title='bbox 126 3310 210 3363; x_wconf 91' lang='lat' dir='ltr'><strong>amat.</strong></span> <span class='ocrx_word' id='word_1_309' title='bbox 242 3302 277 3361; x_wconf 91' lang='lat' dir='ltr'><strong>ad</strong></span> <span class='ocrx_word' id='word_1_310' title='bbox 297 3301 370 3361; x_wconf 92' lang='lat' dir='ltr'><strong>hanc</strong></span> <span class='ocrx_word' id='word_1_311' title='bbox 387 3302 519 3363; x_wconf 86' lang='lat' dir='ltr'><strong>alendam</strong></span> <span class='ocrx_word' id='word_1_312' title='bbox 539 3313 607 3382; x_wconf 89' lang='lat' dir='ltr'><strong>post</strong></span> <span class='ocrx_word' id='word_1_313' title='bbox 623 3306 737 3365; x_wconf 84' lang='lat' dir='ltr'><strong>tertium</strong></span> <span class='ocrx_word' id='word_1_314' title='bbox 758 3303 861 3364; x_wconf 86' lang='lat' dir='ltr'><strong>dorem</strong></span> <span class='ocrx_word' id='word_1_315' title='bbox 875 3306 951 3365; x_wconf 84' lang='lat' dir='ltr'><strong>verti</strong></span> <span class='ocrx_word' id='word_1_316' title='bbox 973 3302 1079 3377; x_wconf 87' lang='lat' dir='ltr'><strong>debet,</strong></span> <span class='ocrx_word' id='word_1_317' title='bbox 1100 3302 1129 3360; x_wconf 92' lang='lat' dir='ltr'><strong>in</strong></span> 
     </span>
     <span class='ocr_line' id='line_1_38' title="bbox 127 3386 1129 3465; baseline -0.002 -20"><span class='ocrx_word' id='word_1_318' title='bbox 127 3386 230 3447; x_wconf 92' lang='lat' dir='ltr'><strong>sabulo</strong></span> <span class='ocrx_word' id='word_1_319' title='bbox 246 3394 314 3463; x_wconf 85' lang='lat' dir='ltr'><strong>post</strong></span> <span class='ocrx_word' id='word_1_320' title='bbox 334 3387 501 3447; x_wconf 89' lang='lat' dir='ltr'><strong>seeundum.</strong></span> <span class='ocrx_word' id='word_1_321' title='bbox 534 3396 650 3448; x_wconf 89' lang='lat' dir='ltr'><strong>cretosa</strong></span> <span class='ocrx_word' id='word_1_322' title='bbox 665 3397 773 3447; x_wconf 88' lang='lat' dir='ltr'><strong>tantum</strong></span> <span class='ocrx_word' id='word_1_323' title='bbox 788 3388 951 3465; x_wconf 87' lang='lat' dir='ltr'><strong>limosaque</strong></span> <span class='ocrx_word' id='word_1_324' title='bbox 967 3387 1027 3447; x_wconf 92' lang='lat' dir='ltr'><strong>odit</strong></span> <span class='ocrx_word' id='word_1_325' title='bbox 1047 3395 1077 3444; x_wconf 89' lang='lat' dir='ltr'><strong>et</strong></span> <span class='ocrx_word' id='word_1_326' title='bbox 1100 3387 1129 3444; x_wconf 90' lang='lat' dir='ltr'><strong>in</strong></span> 
     </span>
    </p>

    <p class='ocr_par' dir='ltr' id='par_1_12' title="bbox 66 3469 1130 3549">
     <span class='ocr_line' id='line_1_39' title="bbox 66 3469 1130 3549; baseline 0.002 -24"><span class='ocrx_word' id='word_1_327' title='bbox 66 3469 186 3526; x_wconf 72' lang='lat' dir='ltr'><strong>136an</strong></span> <span class='ocrx_word' id='word_1_328' title='bbox 198 3487 259 3528; x_wconf 90' lang='lat' dir='ltr'><strong>non</strong></span> <span class='ocrx_word' id='word_1_329' title='bbox 269 3471 419 3548; x_wconf 76' lang='lat' dir='ltr'><strong>prouenit.</strong></span> <span class='ocrx_word' id='word_1_330' title='bbox 450 3470 628 3534; x_wconf 88' lang='lat' dir='ltr'><strong>lllaceratum</strong></span> <span class='ocrx_word' id='word_1_331' title='bbox 643 3471 735 3532; x_wconf 92' lang='lat' dir='ltr'><strong>calida</strong></span> <span class='ocrx_word' id='word_1_332' title='bbox 749 3488 823 3549; x_wconf 89' lang='lat' dir='ltr'><strong>aqua</strong></span> <span class='ocrx_word' id='word_1_333' title='bbox 845 3471 952 3530; x_wconf 90' lang='lat' dir='ltr'><strong>homini</strong></span> <span class='ocrx_word' id='word_1_334' title='bbox 967 3487 1084 3548; x_wconf 87' lang='lat' dir='ltr'><strong>quoque</strong></span> <span class='ocrx_word' id='word_1_335' title='bbox 1100 3469 1130 3527; x_wconf 89' lang='lat' dir='ltr'><strong>iu</strong></span> 
     </span>
    </p>
   </div>
   <div class='ocr_carea' id='block_1_5' title="bbox 0 0 1219 3840">
    <p class='ocr_par' dir='ltr' id='par_1_13' title="bbox 0 0 1219 3840">
     <span class='ocr_line' id='line_1_40' title="bbox 0 0 1219 3840; baseline 0 0"><span class='ocrx_word' id='word_1_336' title='bbox 0 0 1219 3840; x_wconf 95' lang='lat' dir='ltr'><strong> </strong></span> 
     </span>
    </p>
   </div>
  </div>
 </body>
</html>
