2422 3840
86 221 90 227 ι
116 178 179 241 236
446 190 476 239 o.
489 189 585 237 eurus
599 187 751 237 succum

118 358 179 425 est,
201 346 253 407 snh
275 347 340 424 ipso
362 344 451 421 llore,
478 353 609 422 opertum
630 343 776 420 lanugine.
807 343 845 402 ch
865 343 895 403 id
918 345 1016 421 potins
1043 347 1135 407 caule

117 434 239 494 conciso
266 431 445 504 inseruntur,
474 438 502 488 et
528 426 632 487 ocellis
658 427 781 502 radicis,
809 435 838 485 ut
860 426 1011 504 harundo,
1042 447 1134 491 unum

116 533 209 595 genus
227 515 363 572 inseritur
380 512 523 591 pallidae,
545 513 700 590 spinosae,
723 510 899 588 longissimis
917 512 1026 588 virgis,
1046 516 1134 593 quin-

73 614 105 666 21
120 597 284 678 queloliae,
313 615 388 674 quae
407 595 528 656 Graecis
549 595 641 655 altera
664 602 718 654 est.
754 596 845 655 omnis
865 604 961 655 antem
978 599 1135 658 recisione

117 694 203 761 atque
218 682 333 741 ustione
349 681 482 759 prolicit,
499 679 686 740 translatione
702 695 830 758 quoque,
847 687 877 737 ut
894 679 987 755 vites,
1006 689 1160 758 optumes

116 768 311 844 ocissimeque
333 766 469 843 provenit
495 763 617 823 surculis
640 772 809 841 quaternum
830 763 983 839 digitorum
999 764 1133 842 longitu-

116 854 181 913 dine
200 859 248 911 ant
271 849 412 928 ampliore
434 856 501 926 post
518 848 704 924 vergiliarum
724 862 860 906 occasum
878 856 956 921 sata,
982 847 1053 907 dein
1077 867 1134 928 per

116 935 260 996 favonium
289 932 428 992 translata
456 931 610 1010 pedalibus
632 930 792 991 intervallis
814 929 978 1008 crebroque
1002 932 1132 993 circum·

116 1020 207 1080 iossa.
245 1017 294 1094 qni
314 1032 491 1094 praecocem
510 1015 619 1074 iaciunt
641 1015 737 1092 pedali
760 1015 838 1074 circa
863 1015 991 1075 radicem
1016 1017 1133 1078 scrobe

116 1119 220 1181 aquam
236 1100 358 1159 calidam
372 1098 522 1158 infundunt
537 1099 700 1175 germinare
715 1098 872 1176 incipiente
889 1099 1002 1174 calyce.
1141 1123 1166 1166 rc

73 1198 107 1250 m
170 1186 199 1244 5.
225 1183 255 1261 (1
265 1183 309 1260 1.)
330 1180 430 1242 Lilium
445 1198 532 1241 rosae
542 1181 693 1242 nobilitate
708 1199 877 1260 proxumum
895 1192 940 1242 est
955 1194 986 1243 et
1000 1185 1131 1262 quadam

118 1266 291 1345 cognatione
312 1267 450 1343 unguenti
473 1265 590 1343 oleique
607 1265 683 1343 quod
699 1265 808 1326 lilinum
824 1267 1000 1344 appellatur.
1039 1279 1074 1330 et
1088 1273 1131 1330 in-

115 1353 240 1431 positum
262 1350 347 1410 etiam
369 1368 501 1411 maxume
524 1367 607 1409 rosas
631 1351 718 1409 decet
737 1349 834 1409 medio
857 1360 1001 1429 proventu
1025 1370 1131 1414 carum

73 1436 272 1514 ntincipiens.
312 1450 369 1493 nec
388 1433 439 1493 ulli
459 1433 562 1493 llorum
585 1433 743 1493 excelsitas
760 1435 867 1508 maior,
884 1435 1027 1495 interdum
1047 1437 1131 1498 cuhi·

115 1529 209 1580 torum
224 1521 322 1591 trium,
343 1517 479 1594 languido
497 1535 615 1595 semper
631 1517 708 1576 collo
725 1525 754 1576 et
768 1534 827 1576 nou
842 1517 1005 1579 sufficiente
1019 1524 1131 1599 capitis
1141 1539 1166 1580 rs

115 1604 207 1663 oncri.
246 1601 356 1662 candor
370 1603 432 1660 eius
449 1601 569 1661 eximius
585 1600 656 1661 loris
674 1602 765 1660 striati
783 1610 811 1660 et
826 1601 861 1660 ah
880 1604 1021 1680 augustiis
1039 1605 1073 1664 iu
1090 1606 1131 1666 la·

114 1687 264 1747 titudinem
276 1685 413 1764 paulatim
428 1703 495 1744 sese
512 1685 635 1744 laxantis
652 1684 750 1761 siligio
767 1685 889 1761 calathi,
905 1689 1057 1765 resupinis
1076 1708 1133 1768 pcr

116 1770 252 1831 ambitum
273 1768 362 1828 lahris
384 1769 521 1846 tenuique
540 1767 600 1845 pilo
619 1776 649 1827 et
666 1769 802 1842 stamine,
826 1769 964 1828 stantibus
984 1772 1013 1829 in
1027 1773 1132 1834 medio

116 1855 223 1914 crocis.
256 1854 295 1911 ita
317 1850 392 1910 odor
408 1851 550 1928 colorque
566 1851 690 1929 duplex,
713 1861 743 1910 et
758 1851 832 1910 alius
850 1853 960 1928 calvcis
976 1855 1055 1914 alins
1073 1866 1132 1917 sta·

116 1938 215 2011 minis,
240 1934 402 1994 differentia
424 1943 554 2010 angusta.
585 1935 613 1992 in
632 1936 770 2011 unguenti
790 1953 861 1995 vero
883 1936 1002 2014 oleique
1018 1957 1080 1999 usu
1103 1949 1166 2000 etas

115 2020 187 2080 lolia
211 2035 268 2076 non
297 2025 481 2093 spernuntur.
516 2015 570 2076 Est
595 2017 650 2076 llos
674 2035 732 2078 non
757 2018 904 2078 dissimilis
923 2019 965 2079 illi
985 2023 1014 2080 in
1033 2021 1132 2085 herba

116 2119 200 2180 quam
216 2099 422 2160 convolvolum
436 2109 559 2176 vocant,
574 2118 698 2161 nascens
713 2120 767 2180 per
780 2101 919 2179 frutecta,
936 2104 1017 2164 nullo
1031 2107 1133 2167 odore

114 2204 170 2245 nec
188 2186 283 2244 crocis
299 2184 389 2261 intus,
406 2183 562 2245 candorem
577 2193 684 2245 tantum
699 2185 832 2245 referens
848 2203 883 2246 ac
898 2187 988 2247 veluti
1004 2198 1132 2251 naturae

72 2279 107 2331 24
118 2270 306 2330 rudimentum
321 2269 381 2329 lilia
398 2269 500 2328 iacere
517 2268 721 2329 condiscentis.
751 2268 827 2329 Alba
842 2269 901 2330 lilia
918 2270 1023 2331 iisdem
1035 2276 1132 2334 omni·

114 2354 168 2413 hus
187 2354 280 2413 modis
296 2361 431 2411 seruntur
447 2351 551 2429 quihus
571 2369 656 2427 rosa,
680 2361 709 2411 et
728 2353 786 2412 hoc
801 2353 922 2431 amplius
938 2355 1061 2417 lacrima
1077 2376 1167 2420 suam

114 2447 144 2496 nt
165 2435 397 2516 hipposelinum,
419 2435 550 2513 nihilque
571 2445 616 2494 est
632 2435 783 2495 fecundius
797 2455 853 2495 nna
869 2436 966 2497 radice
984 2440 1132 2521 qninqua-

113 2537 207 2598 genos
234 2536 326 2597 saepe
351 2520 500 2577 emittente
519 2518 635 2579 hulhos.
672 2519 727 2578 Est
754 2529 783 2578 et
804 2520 912 2579 rubeus
933 2520 1025 2582 lilium
1048 2526 1133 2603 quod

115 2602 219 2663 Graeci
244 2604 345 2662 crinon
361 2611 482 2677 vocant,
502 2601 549 2661 alii
570 2602 672 2662 liorem
694 2604 757 2662 eius
775 2604 989 2677 cynorrhodon.
1024 2605 1132 2669 lauda-

114 2686 254 2745 tissimum
270 2685 298 2743 in
316 2684 472 2745 Antiochia
488 2695 517 2744 et
532 2684 678 2746 Laodicea
693 2687 814 2761 Syriae,
830 2705 899 2747 mox
913 2689 941 2747 in
956 2687 1130 2752 Phaselide.

115 2777 246 2845 quartum
260 2768 356 2828 locum
372 2770 484 2845 optinet
499 2770 527 2826 in
541 2768 623 2828 ltalia
638 2787 773 2828 nascens.
1019 2784 1024 2792 ’
1142 2800 1168 2843 30

71 2862 105 2913 25
179 2851 262 2930 (12.)
297 2851 369 2910 Sunt
392 2859 421 2909 et
444 2869 590 2928 purpurea
612 2852 688 2927 lilia,
712 2852 867 2930 aliqnando
889 2854 1006 2931 gemino
1027 2859 1132 2936 caule,

115 2936 284 2996 carnosiore
307 2942 415 2994 tantum
437 2934 536 2994 radice
558 2935 734 3014 maiorisque
752 2936 847 3013 hulhi,
870 2937 923 2997 sed
937 2938 1040 3014 unius,
1062 2959 1132 3002 nar-

115 3020 221 3078 cissum
242 3027 356 3079 vocant.
391 3019 474 3079 huius
496 3018 618 3078 alterum
638 3038 733 3096 genus
753 3020 827 3080 llore
852 3021 992 3096 candido,
1020 3025 1133 3101 calyce

114 3119 273 3180 purpureo.
307 3102 469 3162 differentia
488 3119 504 3160 a
525 3102 593 3162 liliis
614 3112 708 3164 estet
730 3104 821 3180 haec,
844 3104 922 3184 quod
938 3107 1085 3168 narcissis
1103 3111 1133 3170 iu

115 3185 213 3246 radice
233 3186 304 3246 lolia
328 3196 410 3262 sunt,
432 3184 644 3264 probatissimis
670 3189 699 3247 iu
719 3187 825 3263 Lyciae
850 3188 1005 3249 montibus.
1035 3194 1168 3256 tertioss

114 3272 217 3347 generi
234 3280 332 3331 cetera
349 3271 467 3342 eadem,
487 3269 572 3344 calyx
587 3271 759 3331 herbaceus.
784 3289 884 3331 omues
901 3274 1037 3350 serotini,
1058 3287 1133 3356 post

117 3364 260 3414 arcturum
278 3356 351 3413 enim
367 3353 471 3412 florent
489 3371 524 3412 ac
539 3372 593 3431 per
612 3357 824 3432 aequinoctium
840 3364 1012 3416 autumnum.

64 3443 106 3499 26
179 3438 265 3517 (13.)
287 3437 405 3498 lnveuta
423 3445 467 3496 cst
482 3445 512 3496 et
526 3438 555 3496 in
569 3438 613 3497 his
625 3441 699 3498 ratio
711 3439 857 3499 inserendi
872 3440 1062 3502 monstrificis
1075 3445 1131 3507 ho·
