2422 3840
313 199 393 246 nar.
409 198 500 247 mrsu.
516 200 575 247 xx.
592 195 711 250 19-20.
726 185 880 265 (no—83.)
1035 187 1098 249 223

38 375 41 379 ’
90 355 248 434 inpetibilis
269 370 343 413 uvae
365 351 484 413 morbos
505 352 633 412 radicem
651 354 712 412 elus
730 354 780 415 lilo
795 372 967 433 suspensam
985 374 1002 415 e
1019 354 1097 417 collo

90 457 197 517 gerere
220 446 426 516 praeterquam
452 437 480 495 in
506 435 647 512 balineis,
676 437 715 496 ita
737 437 890 499 liberatum
915 439 1097 500 incommodo

90 524 177 583 omni.
212 521 280 599 quin
301 522 388 580 etiam
408 520 504 580 inveni
526 519 602 598 apud
616 529 753 581 auctores
770 531 856 601 caput
873 523 982 584 inlitum
997 541 1033 583 ea
1048 522 1096 582 de·
1129 571 1131 576 ,

90 605 277 666 stillationem
297 621 371 665 anno
389 612 452 663 toto
472 620 531 663 non
554 604 672 663 sentire.
711 605 814 665 oculos
837 615 932 667 tamen
956 606 1098 667 hebetare

64 711 77 751 5
92 696 240 853 putaddd'.)
264 769 454 831 coriandrum
468 771 543 830 inter
556 770 702 830 silvestria
716 788 773 832 non
789 772 940 836 invenitur.
964 776 1076 851 praeei—
1088 784 1140 839 216

89 875 176 936 puum
191 873 260 916 esse
275 862 389 915 constat
404 854 499 914 statim
512 852 697 932 Aegyptium.
717 854 796 917 valet
808 864 909 917 contra
921 858 1098 933 serpentium

89 959 183 1018 genus
201 955 286 998 unum
307 937 385 1016 quod
401 937 624 1016 amphisbaenas
638 948 745 999 vocant
761 945 859 1017 polum
873 940 1097 1018 inpositumque.

89 1032 171 1083 sanat
181 1031 210 1082 et
221 1021 278 1082 alia
290 1022 423 1098 volnera,
439 1020 630 1100 epinyctidas,
647 1023 765 1101 pustulas
777 1023 881 1083 tritum.
908 1025 951 1084 sie
964 1032 994 1083 et
1005 1025 1097 1084 omnis

56 1126 80 1166 ro
90 1115 219 1168 tumores
233 1105 485 1185 collectionesque
498 1123 563 1166 cum
574 1105 664 1166 melle
678 1115 726 1166 out
737 1125 792 1167 uva
803 1125 905 1186 passa,
923 1125 1014 1186 panos
1026 1125 1097 1167 vero

89 1210 127 1252 en
140 1200 225 1252 aceto
237 1191 341 1253 tritam.
366 1192 483 1251 seminis
499 1207 588 1266 grana
601 1190 655 1249 tria
669 1191 698 1248 ln
709 1191 840 1251 tertianis
850 1191 986 1252 devorari
999 1191 1099 1251 iubent

89 1275 178 1354 aliqui
194 1282 260 1334 ante
276 1276 496 1348 accessionem,
511 1272 560 1332 vel
575 1273 661 1351 plura
674 1274 754 1334 inlini
768 1274 866 1335 fronti.
900 1285 966 1336 sunt
983 1277 1032 1354 qui
1048 1285 1077 1335 et
1088 1284 1140 1340 217

90 1369 156 1420 ante
176 1358 248 1418 solis
267 1366 360 1417 ortum
383 1355 577 1417 cervicalibus
599 1356 693 1417 subici
719 1357 881 1419 efficaciter
907 1368 1018 1438 putent.
1053 1361 1098 1419 vis

89 1459 193 1518 magua
218 1439 254 1500 ad
276 1439 495 1517 refrigerandos
511 1439 633 1499 ardores
649 1440 743 1500 viridi.
772 1441 872 1501 ulcera
890 1460 1007 1521 quoque
1023 1461 1097 1519 quae

57 1533 212 1603 inserpunt
227 1532 309 1585 sanat
324 1541 388 1584 cnm
401 1522 489 1583 melle
504 1523 553 1582 vel
567 1540 623 1582 uva
639 1540 743 1602 passa,
758 1525 826 1584 item
841 1527 940 1606 testis,
957 1525 1097 1600 ambusta,

91 1607 301 1685 carbunculos,
325 1608 419 1683 auris,
444 1624 508 1666 oum
523 1605 598 1666 lacte
616 1607 746 1667 mulieris
761 1607 919 1686 epiphoras
936 1608 1097 1684 oculorum,

90 1693 201 1752 ventris
227 1700 256 1751 et
286 1691 487 1751 intestinorum
513 1689 668 1751 fluctiones
693 1708 794 1753 semen
821 1711 859 1752 ex
885 1710 960 1771 aqua
989 1702 1098 1772 potum.

90 1775 197 1836 bibitur
212 1784 241 1834 et
255 1776 284 1834 in
298 1774 426 1835 choleris
443 1793 506 1834 curn
521 1783 595 1835 ruta.
619 1775 702 1854 pellit
712 1776 845 1836 animalia
857 1778 1081 1853 interaneorum,
1089 1786 1142 1839 218

91 1878 155 1920 cum
169 1859 237 1920 mali
253 1859 350 1939 punici
365 1875 438 1920 suco
455 1868 485 1919 et
500 1858 568 1919 oleo
584 1877 685 1920 semen
701 1869 809 1940 potum.
838 1859 1023 1921 Xenocrates
1041 1871 1097 1920 tra·

55 1961 81 2002 no
90 1945 130 2005 dit
146 1963 209 2004 rem
224 1945 339 2019 miram,
364 1944 390 2003 si
410 1961 480 2003 vera
497 1951 558 2019 est,
577 1952 723 2004 menstrua
745 1945 886 2006 contineri
907 1961 964 2005 uno
986 1944 1049 2019 die,
1074 1945 1098 2003 si

89 2047 175 2088 unum
194 2046 314 2104 granum
335 2026 461 2087 biberint
481 2026 622 2104 femiuae,
649 2027 751 2103 biduo,
776 2029 801 2087 si
822 2028 897 2106 duo,
925 2038 954 2089 et
979 2028 1099 2089 totidem

91 2111 194 2171 diebus
216 2119 288 2187 quot
310 2127 399 2185 grana
421 2111 613 2187 sumpserint,
635 2110 673 2168 Μ.
689 2111 785 2170 Varro
800 2112 953 2173 coriandro
975 2112 1098 2173 subtrito

91 2211 155 2254 cum
173 2203 259 2252 aceto
278 2209 394 2252 earnem
409 2193 608 2270 incorruptam
622 2201 732 2253 aestate
748 2196 862 2254 servari
877 2204 967 2272 putat.

154 2275 240 2356 (83.)
271 2274 406 2353 Atriplex
428 2283 458 2335 et
479 2274 615 2335 silvestre
633 2285 678 2335 est
700 2286 730 2336 et
750 2276 889 2353 sativom,
913 2286 1078 2337 accusatum
1090 2288 1141 2341 219

54 2379 81 2419 es
92 2359 259 2437 Pythagora
274 2369 417 2439 tamquam
437 2358 549 2419 iaceret
563 2358 742 2438 hydropicos
759 2359 936 2438 morbosque
954 2362 1053 2437 regios
1070 2371 1099 2420 et

91 2444 250 2524 pallorem,
268 2452 504 2523 concoqueretur
519 2443 704 2519 difficillime,
730 2462 766 2505 ac
781 2462 817 2503 ne
834 2445 862 2503 ln
877 2445 968 2505 hortis
985 2444 1099 2522 quidem

90 2532 168 2589 iuxta
188 2528 217 2588 id
238 2531 319 2589 nasci
344 2530 497 2608 quicquam
517 2528 572 2587 nisi
595 2527 760 2605 languidum
779 2528 916 2606 culpavit.
962 2527 1098 2589 addidere

90 2612 248 2685 Dionysius
264 2622 294 2672 et
307 2612 430 2672 Diocles
448 2611 596 2689 plurumos
610 2612 690 2689 gigni
706 2629 744 2671 ex
763 2629 800 2672 eo
815 2612 951 2689 morbos,
974 2630 1029 2673 nec
1045 2612 1100 2672 nisi

90 2703 198 2754 mutata
222 2713 313 2774 saepe
336 2713 411 2774 aqua
432 2694 631 2773 coquendum,
654 2695 805 2756 stomacho
826 2696 998 2757 contrarium
1019 2714 1098 2772 esse,

55 2797 81 2838 oo
92 2778 247 2856 lentigines
259 2789 289 2840 et
301 2780 422 2860 papulas
431 2780 564 2857 gignere.
586 2781 674 2839 miror
688 2798 779 2858 qnare
791 2780 947 2841 difficulter
957 2783 986 2840 in
996 2779 1078 2840 Italia
1090 2790 1142 2841 220

91 2864 173 2923 nasci
195 2863 345 2925 tradiderit
365 2864 394 2924 id
415 2864 488 2924 Solo
510 2862 698 2940 Zmyrnaeus.
734 2864 929 2944 Hippocrates
950 2865 1099 2924 volvarum

90 2948 167 3007 vitiis
186 2946 308 3007 infundit
323 2948 351 3008 id
373 2966 437 3007 cum
459 2947 537 3009 beta.
571 2947 666 3023 Lycus
683 2948 893 3028 Neapolitanus
916 2956 1016 3008 contra
1034 2965 1099 3007 can·

91 3030 219 3092 tbaridas
234 3030 390 3093 bibendum
405 3031 501 3109 dedit,
525 3048 636 3110 panos,
660 3032 830 3093 furunculos
845 3033 1027 3111 incipientis,
1050 3030 1099 3090 du·

91 3116 171 3176 ritias
194 3116 284 3175 omnis
304 3116 353 3177 rel
372 3125 458 3176 cocto
476 3116 526 3176 vel
545 3115 635 3176 crudo
656 3116 765 3176 utiliter
783 3117 863 3177 iuliui
880 3117 1008 3195 putauit,
1032 3115 1100 3175 item

54 3201 188 3276 asignem
209 3217 323 3261 sacrum
345 3219 409 3261 eum
431 3199 537 3276 melle,
566 3208 652 3260 aceto
677 3202 829 3279 nitroque,
856 3201 987 3261 similiter
1009 3198 1099 3277 poda-

91 3301 170 3359 gras.
210 3285 314 3362 unguis
336 3284 458 3346 scabros
481 3283 637 3344 detrahere
657 3283 761 3344 dicitur
782 3285 845 3345 siue
866 3283 976 3344 ulcere.
1015 3290 1080 3341 sunt
1091 3291 1142 3344 221

92 3367 189 3443 quiet
208 3368 311 3429 morbo
334 3370 419 3446 regio
438 3368 507 3429 dent
529 3386 630 3428 semen
645 3368 707 3428 eius
724 3385 788 3428 cum
804 3367 908 3444 melle,
931 3364 1053 3426 arterias
1071 3375 1100 3424 et

91 3449 233 3515 tonsillas
242 3453 320 3514 nitro
344 3454 441 3515 addito
465 3451 643 3532 peririeent,
665 3451 760 3513 alvom
777 3456 1043 3528 moveant,cents
1051 3449 1111 3502 aex
