2422 3840
379 202 460 250 nar.
478 201 569 250 nisu.
586 202 670 250 xvn.
690 197 734 252 23.
758 188 833 272 (35.)
1062 189 1102 252 83

104 355 214 434 aliquot
230 354 293 414 dies
308 357 408 432 vagari
426 366 455 415 et
475 355 620 415 incondita
642 359 741 434 spargi
762 366 848 434 atque
872 357 899 415 in
921 364 998 416 terra
1018 373 1102 434 quam

104 456 158 519 per
169 447 259 498 totum
270 456 372 498 annum
383 440 561 518 spectaverit
572 438 752 500 recumbere.
780 458 902 520 namque
915 449 944 498 ut
954 441 1144 502 veterinabto

103 541 120 582 a
136 524 204 598 iugo
223 530 252 580 et
267 539 355 582 canes
373 540 389 582 a
406 541 491 583 cursu
505 521 642 582 volutatio
658 524 745 600 iuvat,
758 525 796 584 ita
808 534 866 583 tum
883 532 912 583 et
926 525 1020 582 vitium
1034 540 1100 601 por·

103 606 158 682 rigi
175 604 296 665 lumbos.
327 606 422 665 'arbor
437 623 554 683 quoque
566 607 629 683 ipsa
640 607 747 684 gaudet
758 607 878 667 adsiduo
891 608 987 668 levata
999 624 1099 680 onere,

76 689 203 750 asimilis
226 690 399 768 respiranti,
422 689 551 767 nihilque
573 699 618 749 est
641 691 669 748 in
692 708 784 768 opere
805 699 923 750 naturae
946 690 1022 767 quod
1044 706 1101 749 non

103 772 239 851 exemplo
256 773 366 833 dierum
382 774 566 851 noctiumque
582 773 694 852 aliquas
712 775 784 832 vicis
801 774 937 834 feriarum
953 773 1032 832 velit.
1063 772 1101 831 ob

102 857 131 916 id
145 858 277 935 protinus
293 873 308 914 a
325 854 466 915 vindemia
483 857 575 935 putari
593 866 622 916 et
636 858 729 915 lassas
746 858 895 916 etiamnum
912 857 1007 916 fructu
1024 856 1103 914 edito

101 939 281 1019 inprobatur.
313 947 430 1018 putatae
447 958 546 999 rursus
565 940 728 1017 adligentur
744 940 903 1016 alio'loco,¹
916 957 1039 1018 namque
1056 956 1101 998 or·

102 1023 180 1082 bitas
194 1021 301 1081 vinculi
317 1023 442 1082 sentiunt
456 1024 612 1083 vexatione
624 1040 682 1083 non
693 1023 787 1085 dubia.
812 1024 961 1084 Traduces
974 1023 1141 1084 Gallicattt

68 1131 94 1172 ιο
104 1105 215 1166 cultura
235 1105 294 1164 bini
322 1107 465 1183 utrimque
489 1106 643 1186 lateribus,
671 1109 695 1166 si
715 1126 783 1187 pars
806 1108 993 1187 quadrageno
1016 1107 1102 1167 distet

103 1191 210 1268 spatio,
227 1191 368 1268 quaterni,
386 1191 410 1247 si
424 1191 539 1251 viceno.
572 1192 647 1250 inter
663 1209 695 1250 se
712 1192 790 1251 obvii
803 1193 958 1251 miscentur
973 1190 1101 1268 adligan-

103 1283 206 1352 turque
222 1291 277 1333 nna
293 1273 450 1349 conciliati,
461 1273 650 1350 virgultorum
664 1277 798 1335 comitatu
811 1274 906 1335 obiter
914 1276 1033 1350 rigarati
1045 1290 1100 1351 qua

104 1356 249 1432 deficiant,
262 1366 310 1415 aut
325 1357 349 1414 si
362 1356 489 1415 brevitas
504 1373 560 1415 non
573 1359 697 1435 patiatur
708 1359 848 1435 ipsorum,
863 1358 1018 1433 adalligato
1033 1373 1102 1434 pro·

102 1439 256 1500 tenduntur
279 1439 434 1497 inviduam
451 1439 585 1519 arborem
601 1457 686 1499 unco.
717 1440 877 1499 'l'raducem
893 1440 997 1499 bimum
1017 1456 1099 1517 prae·

69 1543 94 1584 1⁵
105 1523 204 1583 cidere
220 1520 364 1581 solebant.
395 1522 523 1580 oneratis
538 1523 612 1580 enim
628 1531 772 1582 vetustate
787 1523 889 1582 melius
907 1523 1014 1582 donare
1030 1530 1100 1581 tem·

105 1623 170 1684 pus,
184 1613 215 1663 ut
229 1603 375 1663 transilem
392 1603 515 1679 iaciant,
540 1606 563 1663 si
584 1605 723 1682 largiatur
742 1605 913 1665 crassitudo.
944 1605 1014 1664 alias
1030 1604 1100 1662 utile

104 1697 186 1747 toros
204 1688 290 1748 futuri
308 1687 443 1747 draconis
461 1688 551 1764 pasci.
581 1689 638 1766 [bt]
656 1687 748 1747 Unum
760 1689 910 1749 etiamnum
924 1705 1016 1765 genus
1035 1697 1144 1749 estbtb

104 1772 227 1831 medium
242 1772 317 1830 inter
328 1770 385 1829 boc
397 1779 425 1829 et
436 1772 638 1849 propaginem,
650 1780 726 1831 totas
741 1772 944 1850 supplantandi
956 1774 983 1831 in
996 1780 1100 1830 terram

103 1855 170 1913 vitis
188 1855 347 1934 cuneisque
364 1853 489 1914 findendi
505 1863 534 1914 et
547 1856 576 1913 in
592 1854 692 1914 sulcos
706 1856 797 1934 pluris
811 1854 895 1915 simul
910 1874 947 1915 ex
962 1872 1016 1914 una
1034 1872 1101 1932 pro·

69 1937 240 2016 aopagandi,
258 1936 421 2014 gracilitate
442 1937 616 2015 singularum
641 1939 751 1999 firmata
769 1939 974 2017 circumligatis
993 1939 1101 1998 hastili·

103 2021 174 2096 bns,
194 2038 252 2080 nec
271 2021 374 2079 recisis
399 2022 478 2099 qnia
500 2021 638 2081 lateribus
657 2033 811 2082 excurrant
826 2024 975 2102 pampinis.
1005 2020 1101 2081 Nova·

103 2104 208 2163 niensis
231 2102 360 2179 agricola
382 2103 529 2163 traducum
556 2105 639 2164 turba
660 2123 716 2165 non
743 2115 910 2181 contentus,
937 2124 993 2164 nec
1015 2106 1102 2182 copia

104 2202 257 2260 ramorum,
275 2185 407 2263 inpositis
424 2187 574 2244 etiamnum
590 2186 726 2264 patibulis
742 2188 876 2264 palmites
892 2189 1100 2247 circumvolvit.

105 2271 203 2346 itaque
225 2277 344 2348 praeter
375 2267 430 2327 soli
455 2269 523 2326 vitia
549 2267 658 2328 cultura
683 2287 799 2346 quoque
823 2279 911 2329 torva·
933 2272 1001 2328 irunt
1025 2272 1099 2329 vina.

69 2351 173 2411 radlia
189 2351 274 2429 culpa
292 2352 369 2410 iuxta
391 2350 492 2410 urbem
507 2350 691 2427 Verracinis,
715 2369 789 2430 quae
810 2352 927 2411 alternis
950 2360 1083 2430 putantur
1093 2362 1145 2415 213

105 2435 196 2510 annis,
212 2451 271 2494 non
285 2435 350 2513 quia
366 2434 396 2493 id
411 2435 461 2493 viti
477 2435 630 2509 conducat,
647 2435 699 2493 sed
716 2436 781 2514 quia
799 2435 909 2495 vilitate
924 2434 1045 2494 reditum
1061 2436 1101 2493 in·

105 2518 209 2596 pendia
225 2527 412 2595 exsuperant
450 2517 572 2576 medium
594 2526 849 2596 temperamentum
872 2520 900 2578 in
922 2517 1101 2579 Carseolano

105 2608 252 2676 secuntur,
270 2601 457 2684 cariosasque
473 2609 579 2659 tantum
591 2602 657 2659 vitis
668 2602 758 2679 partis
774 2602 993 2681 incipientisque
1009 2604 1102 2662 inare-

106 2699 192 2740 scere
213 2682 395 2760 deputaudo,
418 2678 525 2743 ceteris
552 2683 586 2743 ad
610 2701 693 2743 uvam
712 2684 839 2761 relictis,
861 2686 992 2745 detracto
1011 2703 1101 2745 onere

70 2782 306 2843 aosupervacuo,
328 2783 382 2844 pro
402 2767 574 2826 nutrimento
598 2769 674 2826 omni
698 2777 743 2826 est
759 2770 861 2828 raritas
878 2769 1016 2828 volneris.
1048 2768 1101 2827 sed

106 2849 160 2908 nisi
173 2849 272 2926 pingui
282 2848 347 2907 soto
360 2849 425 2908 talis
438 2849 548 2910 cultura
561 2850 720 2927 degenerat
732 2852 761 2908 in
772 2851 944 2911 labruscam.
964 2853 1022 2929 {281
1033 2850 1144 2914 Arati

10 2933 16 2936 ”
106 2932 189 2991 busta
224 2932 298 2991 arari
327 2950 410 3010 quam
441 2934 579 2992 altissime
614 2934 795 3010 desiderant,
828 2936 940 2994 tametsi
968 2934 1102 2994 frumenti

105 3017 179 3075 ratio
195 3032 252 3075 uon
268 3015 367 3091 exigit.
384 3017 542 3094 pampinari
558 3033 662 3076 canon
680 3026 724 3076 est
738 3020 837 3095 moris,
857 3028 886 3078 et
900 3019 956 3077 hoc
973 3035 1100 3095 conpen-

106 3098 181 3158 dium
199 3116 320 3178 operas.
350 3099 522 3176 deputantur
537 3117 599 3158 cum
615 3101 674 3158 vite
694 3103 803 3178 pariter
821 3102 989 3163 interlucata
1007 3103 1101 3161 densi·

71 3190 165 3242 astate
191 3199 332 3242 ramorum
362 3182 409 3259 qui
440 3181 495 3239 sint
522 3183 694 3260 supervacui
719 3193 748 3244 ct
780 3184 928 3244 absumant
957 3186 1101 3244 alimenta.

106 3265 208 3343 plagas
224 3265 259 3326 ad
274 3264 490 3342 septentriones
506 3273 552 3325 aut
573 3265 608 3324 ad
623 3266 770 3326 meridiem
793 3277 929 3346 spectare
947 3270 1100 3342 vetuimus,
1110 3287 1133 3323 ar

105 3350 224 3426 melius,
247 3351 271 3408 si
292 3365 389 3426 neque
413 3348 441 3406 in
462 3364 585 3407 occasus
606 3348 686 3408 solis.
722 3352 767 3410 diu
789 3351 887 3410 dolent
900 3351 967 3409 talia
985 3366 1101 3427 quoqne

69 3433 75 3440 '
106 3431 202 3493 ulcera
221 3442 250 3494 et
270 3431 390 3493 diiiicile
412 3439 566 3491 sanescunt
590 3431 714 3508 algendo
736 3433 818 3493 nimis
837 3432 1096 3569 aestpppdoue„-
