2422 3840
133 157 192 219 122
491 171 521 219 c.
538 172 634 220 scrut
649 171 799 220 succum

130 331 235 391 accidit
254 329 285 388 P.
303 328 389 388 Aelio
407 326 458 386 Gn.
476 325 613 387 Cornelio
636 343 732 403 coss,
754 343 811 404 quo
831 344 905 386 anuo
921 334 1076 404 superatos
1091 335 1137 385 est

129 412 280 474 Hannibal.
311 413 339 470 in
355 410 507 471 arboribus
524 412 598 470 euim
613 419 671 470 tum
685 420 751 470 nata
767 409 926 489 produntur
940 410 1092 470 frumenta,

89 506 139 562 167
205 497 289 574 (47.)
312 493 349 555 Ε1
372 496 506 573 quoniam
530 494 566 554 de
589 495 704 572 frugum
725 503 881 572 terraeque
904 492 1064 571 generibus
1086 493 1136 553 ab·

130 582 205 641 uude
225 580 364 654 diximus,
387 597 462 639 nuno
477 578 513 638 de
529 579 629 638 arandi
644 579 757 638 ratione
779 577 925 652 dicemus,
952 586 1019 637 ante
1043 578 1137 637 omnia

131 664 270 743 Aegypti·
283 663 422 723 facilitate
444 670 668 725 conmemorata.
701 661 783 722 Nilus
808 661 848 721 ibi
867 662 966 722 coloni
983 661 1049 721 vioe
1071 661 1160 721 lun-s

88 770 106 812 s,
113 771 135 805 11
143 767 216 825 gens
230 747 349 823 evagari
364 748 475 825 incipit,
488 757 519 807 ut
532 747 671 821 diximus,
691 745 817 806 solstitio
832 763 849 805 a
861 763 936 806 nova
951 746 1028 822 luna,
1042 747 1137 825 primo

130 835 220 908 lente,
239 831 307 890 dein
325 830 536 907 vehementius,
559 829 692 908 quamdiu
709 830 737 888 in
758 830 845 889 leone
861 831 907 890 sol
924 840 979 889 est.
1006 846 1075 890 mox
1095 831 1137 908 pi·

88 916 262 994 168grescit
285 917 313 973 iu
336 915 478 992 virginem
500 924 685 993 transgresso
707 923 794 992 atque
822 914 851 972 in
875 913 949 974 libra
968 913 1080 973 residit.
1113 913 1138 971 si

131 999 283 1061 duodecim
301 998 397 1058 cubita
420 1015 478 1057 non
497 999 643 1072 excessit,
666 998 757 1056 fames
777 1007 858 1057 certa
874 1006 936 1072 est,
959 1016 1015 1058 uec
1032 998 1135 1070 miuus,

130 1087 154 1144 si
181 1082 311 1142 sedecim
329 1083 525 1160 exsuperavit.
555 1091 634 1141 tauto
657 1082 730 1140 euim
754 1081 862 1141 tardius
885 1082 1001 1141 decedit
1026 1089 1133 1160 quanto
1147 1093 1171 1134 to

130 1164 320 1228 abundantius
337 1167 445 1242 crevit,
469 1174 499 1225 et
517 1175 675 1226 sementem
693 1174 784 1225 arcet.
818 1164 907 1242 volgo
927 1165 1103 1226 credebatur
1120 1181 1137 1223 a

130 1252 256 1311 decessu
286 1250 348 1308 eius
377 1267 479 1309 serere
503 1249 607 1309 solitos
634 1266 704 1309 mox
733 1267 803 1309 sues
831 1249 977 1327 inpellere
1003 1249 1136 1325 vestigiis

130 1335 239 1394 semina
257 1334 446 1412 deprimentis
465 1335 494 1392 in
508 1333 622 1393 madido
640 1333 718 1409 solo,
733 1341 762 1393 et
779 1332 868 1392 oredo
885 1333 1039 1412 antiquitus
1054 1331 1136 1391 lacti·

88 1428 139 1484 169
151 1428 249 1478 tatum.
281 1436 355 1477 nuuc
370 1434 488 1497 quoque
506 1435 563 1477 nou
578 1417 667 1476 multo
690 1417 826 1494 graviora
842 1434 950 1495 opera,
973 1415 1026 1476 sed
1041 1425 1137 1487 tamen

130 1504 234 1563 inarari
257 1510 368 1561 certum
395 1511 441 1560 est
466 1501 580 1562 abiecta
606 1503 685 1580 prius
713 1501 822 1561 semina
846 1503 875 1561 in
900 1500 967 1560 limo
999 1499 1135 1576 degressi
1146 1508 1171 1550 11

130 1587 230 1665 amnis,
247 1586 304 1646 hoo
321 1595 365 1645 est
376 1584 535 1646 Novembri
550 1603 650 1645 meuse
665 1586 834 1663 incipiente,
849 1594 954 1663 postea
970 1586 1056 1663 pauci
1071 1602 1135 1643 ruu-

131 1680 257 1731 cant-
279 1670 461 1730 botanismon
484 1677 590 1728 vocant
607 1703 659 1726 —.
690 1667 804 1748 reliqua
825 1687 893 1747 pars
911 1686 968 1728 non
992 1668 1047 1727 nisi
1072 1685 1136 1727 cum

129 1755 206 1815 falce
222 1756 363 1814 arvavisit
379 1754 466 1830 paulo
481 1762 546 1813 aute
563 1752 703 1819 kalendas
712 1753 832 1831 Aprilis.
850 1755 1135 1831 peragitaturautem

129 1840 234 1897 messis
250 1855 350 1896 mense
365 1835 460 1912 Maio,
483 1837 588 1915 stipula
606 1854 759 1915 numquam
775 1836 905 1912 cubitali,
927 1838 1035 1916 quippe
1052 1834 1135 1895 sabu-

89 1928 139 1984 170
151 1921 208 1981 lum
224 1920 323 1979 subest
338 1936 516 1998 granumque
531 1920 599 1978 limo
615 1928 722 1979 tautum
738 1922 910 1980 continetur.
933 1918 1135 1981 Excellentius
1145 1931 1172 1971 11

130 2003 287 2063 Thebaidis
309 2005 422 2079 regioni
443 2003 630 2078 frumentum,
660 2005 794 2083 quoniam
818 2003 955 2083 palustris
971 2005 1135 2081 Aegyptus.

129 2086 231 2147 similis
248 2088 333 2162 ratio,
357 2086 410 2146 sed
424 2087 551 2147 felicitas
564 2089 672 2162 maior,
696 2087 876 2164 Babyloniae
891 2087 1059 2162 Seleuciae,
1078 2084 1135 2144 Eo·

130 2172 233 2250 phrate
250 2180 336 2250 atque
362 2171 443 2248 Tigri
467 2171 719 2250 restagnantibus,
750 2172 884 2250 quoniam
905 2170 1017 2248 rigandi
1034 2168 1135 2231 modus

128 2254 168 2315 ibi
189 2272 274 2314 mauu
295 2264 483 2333 temperatur.
520 2255 604 2331 Syria
628 2274 743 2335 quoque
764 2257 842 2316 tenui
866 2255 949 2316 solco
971 2262 1050 2329 arat,
1072 2271 1137 2314 cum

128 2339 312 2399 multifariam
326 2342 353 2398 in
368 2339 451 2400 ltalia
466 2341 563 2399 octoni
580 2339 674 2399 boves
694 2340 730 2399 ad
748 2339 880 2418 singulos
895 2355 1031 2398 vomeres
1046 2336 1135 2397 anhe·
1146 2357 1172 2396 25

128 2424 197 2485 lent.
210 2423 242 2484 ln
251 2425 326 2482 omui
335 2424 450 2503 quidem
462 2434 545 2503 parte
558 2423 701 2498 culturae,
710 2424 763 2482 sed
774 2425 802 2482 in
810 2423 866 2484 bac.
878 2423 992 2501 quidem
1000 2437 1133 2480 maxume

128 2507 207 2566 valet
222 2507 467 2567 oraculumillod:
485 2506 570 2584 quid
586 2524 753 2585 quaeque
770 2508 876 2585 regio
893 2506 1067 2585 patiatur.

85 2599 135 2656 171
201 2589 285 2668 (48.)
309 2591 465 2650 Vomerum
488 2591 571 2669 plura
594 2608 720 2667 genera:
753 2591 848 2651 culter
869 2598 992 2651 vocatur
1011 2586 1135 2648 iuflexus

127 2672 319 2753 praedensam
336 2675 501 2753 prinsquam
517 2674 719 2752 proscindatur
734 2684 839 2735 terram
853 2693 960 2736 secans
973 2673 1136 2751 futurisque

127 2757 218 2816 sulcis
230 2756 354 2832 vestigia
369 2757 577 2835 praescribens
589 2759 723 2817 incisuris
735 2775 807 2836 quas
819 2759 972 2837 resupinus
984 2759 1014 2817 iu
1027 2756 1135 2818 arando
1145 2771 1171 2814 ao

127 2840 258 2900 mordeat
280 2856 391 2898 vomer.
430 2840 551 2900 alterum
569 2859 662 2919 genus
681 2851 727 2900 est
748 2842 871 2920 volgare
891 2843 1010 2904 rostrati
1029 2841 1134 2901 vectis.

128 2926 242 2985 tertium
260 2925 288 2982 in
302 2924 368 2983 solo
383 2924 474 3001 lacili,
489 2943 545 2984 uec
560 2933 622 2985 toto
639 2936 806 3004 porrectum
818 2927 938 3003 dentali,
960 2925 1013 2986 sed
1030 2926 1137 3002 exigua

85 3015 137 3070 172
150 3008 271 3086 cuspide
288 3009 316 3066 iu
339 3018 447 3069 rostro.
483 3009 568 3068 latior
590 3008 665 3070 baec
683 3019 786 3088 quarto
803 3011 908 3088 generi
929 3018 959 3069 et
982 3009 1096 3071 acutior
1109 3008 1138 3066 in

126 3107 294 3150 mucronem
310 3091 445 3169 fastigata
463 3092 626 3172 eodemque
641 3093 739 3172 gladio
755 3095 892 3155 scindens
917 3093 1013 3153 solnm
1029 3101 1059 3152 et
1073 3092 1137 3151 acie

126 3174 248 3234 laterum
266 3176 381 3235 radices
406 3177 562 3237 herbarum
581 3196 696 3238 secans.
734 3197 792 3240 non
813 3179 925 3258 pridem
946 3178 1092 3239 inventum
1108 3176 1174 3234 inas

126 3258 229 3319 Raetia
246 3257 357 3320 Galliae
372 3268 402 3319 ut
417 3260 488 3321 duas
504 3261 645 3323 adderent
660 3263 710 3323 tali
725 3263 852 3338 rotulas,
873 3261 953 3342 quod
976 3279 1070 3340 genus
1082 3276 1135 3318 vo·

85 3349 220 3406 17311111
235 3343 418 3423 plaumorati.
456 3345 555 3424 cuspis
579 3347 707 3425 effigiem
731 3348 817 3426 palae
839 3345 938 3409 babet.
971 3345 1079 3407 Sernnt
1096 3345 1137 3404 ita

128 3429 255 3488 nonnisi
271 3428 347 3488 culta
363 3436 441 3490 terra
461 3437 491 3490 et
505 3430 569 3491 lere
584 3448 669 3492 nova.
700 3430 823 3492 latitudo
844 3431 971 3490 vomeris
988 3429 1135 3507 caespites
