2422 3840
119 169 157 232 12
457 179 487 228 c.
503 179 599 226 uram
615 178 766 228 saeuum

116 345 160 403 cui
176 353 254 404 tauta
265 343 310 403 vis
327 352 372 404 est
387 351 417 402 ut
428 342 604 421 inhegypto
618 348 744 421 e'orpora
760 341 905 402 homiuum
919 341 1123 405 defunctorum

117 428 238 507 perfusa
255 445 291 488 eo
309 435 472 487 serventur.

74 520 108 576 53
179 511 263 591 (22.)
295 511 430 590 Sequens
444 511 550 591 liquor,
568 511 696 572 crassior
712 511 782 586 iam,
801 511 895 589 picem
913 509 1013 572 fundit.
1046 509 1123 572 haec

116 613 216 655 rursus
234 596 262 654 iu
277 597 403 657 cortinas
419 613 523 657 aereas
546 596 678 656 coniecta
692 603 777 654 aceto
790 595 934 673 spissatur
948 603 979 655 ut
994 594 1122 672 coagulo

115 679 243 741 Bruttiae
261 697 424 760 cognomen
447 680 578 760 accepit,
595 678 680 740 doliis
698 678 843 738 dumtaxat
857 679 994 758 vasisque
1012 678 1145 739 ceteriss

116 765 204 841 utilis,
222 766 337 826 lentore
354 766 390 827 ab
408 765 464 826 alia
478 767 545 845 pice
566 765 716 841 differens,
740 765 809 824 item
824 762 926 824 colore
941 763 1076 823 rutilante
1092 770 1124 823 et

116 849 194 928 quod
207 851 341 929 pinguior
354 859 399 910 est
408 850 532 930 reliqua.
562 850 613 912 illa
626 849 719 909 omnia
732 849 801 908 fiunt
813 866 830 908 e
841 848 937 927 picea,
954 849 1051 908 resina
1062 846 1122 906 fer·

116 934 249 995 ventibus
267 943 370 994 coacta
384 933 528 1012 lapidibus
545 935 573 992 in
590 933 682 994 alveis
697 932 786 992 ualidi
798 931 913 992 roboris
928 940 987 1009 aut,
1003 932 1029 991 si
1044 929 1123 991 alvei

73 1027 109 1081 54
120 1035 177 1077 nou
192 1019 259 1092 sint,
276 1019 364 1077 struis
380 1018 530 1094 congerie,
547 1018 627 1077 velut
644 1018 672 1076 in
694 1015 830 1077 carbonis
844 1034 907 1076 usu.
936 1014 1018 1076 llaec
1033 1015 1064 1074 iu
1078 1015 1123 1074 ui·

115 1118 181 1161 uum
193 1101 306 1162 additur
316 1102 427 1162 farinae
437 1101 524 1161 modo
537 1109 629 1176 tunsa,
645 1101 757 1177 nigrior
769 1100 882 1160 colore.
909 1099 1012 1160 eadem
1024 1099 1158 1159 resinous

116 1187 220 1244 sicum
238 1203 312 1264 aqua
334 1186 429 1246 levius
451 1184 632 1265 decoquatur
648 1184 838 1262 coleturque,
859 1182 924 1244 rufo
941 1183 1044 1243 colore
1061 1181 1124 1243 len·

117 1269 204 1328 tescit
216 1286 251 1328 ac
260 1269 407 1339 stillaticia
418 1277 550 1329 uocatur.
574 1276 754 1347 seponuntur
769 1276 864 1328 autem
877 1267 913 1327 ad
927 1266 956 1327 id
971 1267 1035 1327 fere
1052 1267 1124 1327 vitia

115 1353 231 1413 resinae
248 1363 420 1432 cortexque.
451 1352 507 1413 alia
522 1354 680 1430 temperies
692 1351 728 1412 ad
741 1351 897 1431 crapulam.
926 1368 1051 1429 namque
1066 1350 1124 1412 ilos

116 1436 222 1496 crudus
235 1439 350 1497 resinae
369 1455 432 1498 curn
447 1435 534 1496 multa
550 1437 647 1497 assula
663 1438 742 1496 teuui
757 1436 899 1514 breuique
915 1435 1034 1495 avolsus
1051 1453 1122 1496 cou-

118 1520 229 1580 ciditur.
247 1522 282 1582 ad
295 1523 420 1582 cribrum
432 1522 537 1581 minuta
553 1521 620 1581 dein
635 1521 760 1581 feruenti
776 1536 861 1598 aqua,
877 1518 971 1579 donec
986 1529 1122 1598 cogatur,
1133 1534 1157 1578 ts

72 1613 105 1666 55
116 1605 308 1683 perfunditur.
334 1605 424 1666 liuius
441 1622 612 1684 expressum
628 1606 736 1682 pingue
751 1603 908 1683 praecipua
923 1604 1019 1663 resina
1034 1602 1066 1663 fit
1080 1611 1122 1663 at·

115 1707 172 1768 que
187 1707 253 1749 rara
275 1707 332 1749 nec
354 1691 408 1748 nisi
431 1690 531 1768 paucis
551 1690 579 1746 in
599 1688 674 1748 locis
696 1686 866 1766 subalpinae
888 1686 989 1747 ltaliae
1013 1704 1121 1747 couve-

114 1774 195 1833 niens
208 1773 339 1832 medicis.
363 1773 479 1831 resinae
492 1770 577 1832 albae
591 1773 725 1849 congium
734 1773 763 1830 in
774 1770 887 1831 duobus
900 1788 993 1849 aquae
1002 1771 1121 1850 pluviae

115 1865 228 1916 cocunt.
261 1855 309 1915 alii
326 1855 422 1915 utilius
440 1863 540 1933 putant
560 1856 623 1914 sine
639 1873 713 1934 aqua
730 1873 859 1934 coquere
875 1855 955 1914 lento
974 1857 1042 1933 igne
1057 1863 1120 1916 toto

71 1955 72 1959 ’
115 1940 179 2014 die,
204 1939 303 2016 utique
326 1957 398 1997 vase
412 1940 489 1998 aeris
511 1937 587 2015 albi,
605 1940 673 1998 item
690 1939 913 2000 terebinthinam
928 1940 956 1998 in
972 1940 1157 2016 sartaginem

114 2023 214 2082 cinere
242 2023 383 2099 ferventi,
417 2021 492 2082 hauc
520 2024 627 2083 ceteris
655 2023 870 2102 praeferentes.
912 2038 1054 2101 proxuma
1084 2041 1121 2083 ex

113 2106 249 2166 lentisco.

70 2199 104 2254 56
180 2190 228 2250 12.
247 2191 331 2270 (23.)
363 2189 429 2250 Non
449 2192 634 2253 omittendum
657 2191 733 2270 apud
754 2191 873 2251 eosdem
901 2191 1047 2268 zopissam
1068 2207 1120 2250 vo·

115 2275 174 2334 cari
190 2274 324 2336 derasam
339 2275 461 2336 navibus
478 2277 625 2338 maritimis
637 2277 733 2354 picem
746 2292 809 2335 cum
824 2292 904 2350 cera,
916 2273 986 2334 nihil
995 2289 1055 2334 uon
1068 2292 1119 2334 ex·

114 2359 247 2437 periente
276 2361 351 2436 vita,
379 2360 469 2420 multo
500 2361 698 2421 efficaciorem
728 2358 764 2418 ad
784 2360 879 2418 omnia
907 2357 1013 2435 quibus
1035 2358 1155 2436 picesaa

70 2447 103 2506 57
116 2445 291 2520 resinaeque
312 2452 450 2521 prosunt,
475 2444 614 2503 videlicet
635 2442 751 2502 adiecto
770 2442 840 2502 salis
862 2441 949 2502 callo.
980 2441 1121 2520 Aperitur

112 2526 198 2604 picea
215 2543 232 2583 e
249 2536 331 2603 parte
347 2527 453 2599 solari,
479 2543 537 2586 uon
560 2526 647 2604 plaga
671 2525 723 2586 sed
744 2526 867 2586 voluere
884 2524 972 2584 ablati
989 2525 1118 2601 corticis,

114 2626 178 2668 cum
191 2608 351 2687 plurumum
363 2608 492 2687 bipedali
504 2610 592 2687 hiatu,
608 2618 639 2669 ut
655 2627 671 2669 a
687 2619 766 2670 terra
778 2608 876 2669 cubito
890 2626 954 2667 cum
965 2610 1120 2669 minumum

114 2691 198 2752 absit.
231 2710 287 2751 uec
299 2693 418 2771 corpori
430 2693 486 2770 ipsi
501 2695 629 2772 parcitur
643 2702 673 2752 ut
690 2695 719 2752 in
734 2693 852 2768 ceteris,
872 2693 1007 2771 quoniam
1021 2692 1119 2752 assula

112 2775 250 2836 infructu
267 2784 323 2836 est.
353 2793 456 2834 verum
475 2774 550 2837 haec
565 2794 705 2854 proxuma
719 2777 861 2852 laudatur,
883 2776 969 2837 altior
984 2776 1154 2837 emerita-so

113 2858 207 2919 dinem
232 2859 336 2920 adfert.
367 2868 473 2938 postea
495 2877 577 2919 umor
605 2861 696 2919 omnis
723 2879 739 2919 e
762 2869 823 2920 tota
846 2858 964 2920 confluit
979 2859 1117 2936 inuleus,

70 2952 104 3006 58
113 2943 180 3002 item
192 2944 221 3002 in
235 2943 330 3004 taeda.
359 2961 422 3003 cum
438 2943 467 3002 id
479 2961 596 3003 manare
609 2944 711 3019 desiit,
725 2944 810 3004 simili
821 2943 908 3005 modo
920 2961 957 3003 ex
968 2944 1023 3004 alia
1034 2951 1119 3022 parte

112 3027 240 3103 aperitur
258 3044 294 3087 ac
310 3027 416 3088 deiude
431 3026 496 3087 alia.
527 3036 632 3106 postea
654 3035 715 3088 tota
729 3026 816 3088 arbor
832 3026 989 3088 succiditur
1008 3037 1037 3086 et
1057 3044 1118 3086 me·

112 3108 190 3168 dulla
211 3110 274 3168 eius
291 3111 392 3170 uritur.
427 3111 470 3170 sic
492 3120 521 3170 et
542 3112 570 3170 iu
587 3110 672 3186 Syria
687 3111 853 3172 terebintho
877 3110 1031 3172 detrahunt
1052 3126 1118 3170 cor·

112 3193 197 3269 tices,
216 3192 256 3251 ibi
272 3193 388 3271 quidem
401 3202 430 3253 et
446 3212 462 3253 e
481 3195 567 3255 ramis
585 3212 620 3254 ac
635 3195 791 3273 radicibus,
806 3202 871 3256 cum
887 3196 983 3254 resina
999 3195 1155 3255 damae-as

112 3285 158 3336 tur
180 3295 218 3336 ex
237 3275 282 3336 his
299 3277 439 3354 partibus.
467 3277 499 3337 ln
515 3277 687 3341 Macedonia
705 3279 826 3339 laricem
842 3278 999 3339 masculam
1020 3285 1118 3354 urunt,

68 3367 103 3422 59
114 3360 240 3420 feminae
258 3359 373 3421 radices
389 3369 506 3422 tautum.
537 3362 744 3442 Theopompus
763 3362 880 3441 scripsit
900 3362 929 3421 iu
945 3361 1118 3440 Apollonia·

111 3452 203 3504 tarum
218 3461 289 3522 agro
305 3445 401 3523 picem
417 3446 548 3511 fossilem
563 3462 621 3504 non
637 3445 813 3506 deteriorem
830 3442 1021 3507 Macedonica
1035 3445 1117 3504 iuve-
