2400 3846
129 185 169 244 50
478 195 780 244 c.uu1n1sucunn1

131 360 248 429 optuma
262 349 379 425 vitibus,
396 359 444 409 aut
459 368 533 428 quae
550 352 645 409 tenuis
659 350 776 410 exhalat
791 350 924 425 nebulas,
943 368 999 409 nec
1013 350 1130 410 rubrica

130 435 226 493 multis
244 432 366 493 laudata.
397 443 504 493 cretam
520 435 548 491 in
566 433 734 493 Albensium
750 433 989 511 Pompeianorum
1012 450 1083 509 agro
1100 443 1130 492 et

131 517 262 594 argillam
279 519 388 576 cunctis
401 516 437 576 ad
452 518 551 575 vineas
567 517 726 593 generibus
742 526 934 595 anteponunt,
958 534 1129 595 quamquam

132 601 335 681 praepinguis,
354 600 432 677 quod
448 601 592 678 excipitur
607 602 636 659 in
653 618 690 658 eo
705 618 825 677 genere.
859 602 981 659 invicem
997 599 1128 659 sabulum

132 684 227 745 album
244 685 271 741 in
284 683 439 742 Ticiniensi
451 682 603 761 multisque
618 685 647 743 in
658 684 731 742 locis
743 685 854 760 nigrum
862 685 988 761 itemque
1000 682 1126 758 rubrum,
1139 708 1152 746 ⁵

88 778 122 832 26
135 771 220 829 etiam
242 768 341 844 pingui
357 775 453 825 terrac
469 768 649 844 permixtum,
666 767 849 827 infecundum
868 777 922 826 est.
951 767 1129 844 Argumenta

132 868 249 932 quoque
267 850 449 909 iudicantium
467 868 559 928 saepe
577 851 688 910 fallunt.
719 868 777 909 non
790 852 889 928 utique
907 850 1013 910 laetum
1035 851 1129 910 solum

132 945 177 996 est
197 936 225 994 in
245 953 301 1012 quo
317 951 462 1012 procerae
477 934 600 993 arbores
616 935 706 993 nitent
725 943 928 1012 praeterquam
944 934 1001 993 illis
1019 933 1128 993 arbori·

131 1020 195 1079 bus.
225 1018 292 1095 quid
308 1019 382 1076 enim
397 1016 492 1076 abiete
508 1016 680 1095 procerius?
709 1027 738 1077 at
753 1036 827 1095 quae
838 1019 947 1076 vixisse
962 1019 1056 1095 possit
1073 1017 1129 1076 alia

131 1106 159 1162 in
173 1103 241 1161 loeo
260 1098 385 1160 eodem?
410 1118 465 1160 nec
481 1101 630 1161 luxuriosa
641 1100 746 1179 pabula
759 1102 873 1179 pinguis
891 1101 947 1161 soli
961 1119 1076 1179 semper
1088 1102 1128 1158 iu·
1140 1123 1164 1161 rc

132 1187 236 1247 dicium
253 1183 369 1244 habent.
402 1202 467 1243 nam
491 1185 560 1262 quid
582 1184 722 1244 laudatius
745 1183 915 1244 Germaniae
937 1181 1071 1262 pabulis?
1100 1192 1129 1242 et

89 1271 229 1332 utstatim
245 1267 345 1327 subest
360 1268 469 1327 harena
492 1268 661 1328 tenuissimo
682 1270 841 1345 caespitum
862 1269 953 1326 corio.
984 1285 1039 1326 nee
1054 1284 1128 1326 sem·

132 1372 186 1434 per
201 1370 311 1430 aquosa
328 1360 372 1410 est
388 1361 467 1410 terra
485 1352 530 1410 cui
544 1353 706 1429 proceritas
718 1351 882 1426 herbarum,
895 1368 962 1427 nou,
975 1350 1128 1426 Hercules,

131 1438 223 1515 magis
246 1452 330 1513 quam
353 1437 469 1513 pinguis
494 1434 656 1494 adhaerens
672 1435 785 1511 digitis,
807 1434 885 1512 quod
906 1435 935 1493 in
959 1434 1068 1511 argillis
1085 1452 1142 1492 ar·-

133 1522 237 1598 guitur.
267 1518 390 1579 scrobes
403 1519 518 1597 quidem
530 1528 648 1595 regesta
660 1521 752 1578 ineos
765 1518 842 1577 nulla
855 1519 984 1596 conplet,
1000 1525 1029 1576 ut
1041 1517 1129 1576 densa
1138 1536 1162 1574 15

133 1614 219 1683 atque
234 1616 299 1662 rara
311 1602 346 1662 ad
358 1601 433 1661 hunc
447 1602 560 1661 modum
575 1602 755 1680 deprehendi
768 1603 871 1680 possit,
887 1601 1026 1678 ferroque
1039 1601 1129 1659 omnis

132 1687 294 1763 robiginem
309 1685 436 1745 obducit.
466 1703 522 1745 nec
536 1688 634 1763 gravis
649 1695 697 1745 aut
712 1685 805 1745 levior
819 1687 894 1745 iusto
906 1684 1130 1763 deprehenditur

135 1771 275 1850 pondere.
309 1769 388 1846 quod
406 1770 481 1828 euim
498 1770 611 1847 pondus
627 1778 723 1828 terrae
738 1771 841 1828 iustum
861 1768 992 1845 intellegi
1008 1763 1129 1846 potest?

90 1863 125 1918 28
136 1871 231 1931 neque
247 1851 408 1911 huminibus
430 1852 552 1928 adgesta
574 1871 692 1931 semper
714 1852 881 1928 laudabilis,
911 1853 1023 1930 quaudo
1046 1869 1130 1909 sene-

134 1945 216 1996 scant
233 1943 294 1994 sata
316 1935 457 2013 quaedam
472 1952 555 2013 aqua.
586 1936 638 1996 sed
659 1954 755 2014 neque
769 1937 819 1998 illa
839 1954 913 2014 quae
930 1936 1059 1996 laudatur
1082 1935 1128 1994 diu
1138 1956 1164 1995 aa

133 2028 336 2098 praeterquam
353 2019 435 2077 salici
458 2020 535 2079 utilis
557 2020 687 2079 sentitur.
720 2022 795 2079 inter
817 2013 983 2097 argumenta
1006 2018 1128 2096 stipulae

135 2101 295 2162 crassitudo
315 2110 375 2177 est,
406 2109 483 2161 tauta
503 2103 611 2180 alioqui
632 2103 660 2161 in
678 2102 822 2163 Leborino
848 2101 1019 2182 Campaniae
1039 2099 1129 2160 nobili

135 2201 247 2262 campo,
263 2193 293 2244 ut
310 2185 380 2262 ligni
395 2186 461 2245 vice
479 2195 601 2246 utantur.
630 2188 683 2247 sed
699 2188 776 2247 idem
790 2187 883 2246 solum
897 2187 1069 2263 ubicumque
1085 2202 1128 2243 ar·

134 2271 217 2330 duum
229 2286 332 2346 opere,
346 2268 466 2329 difficile
479 2270 566 2346 cultu,
577 2270 660 2330 bouis
673 2272 732 2330 suis
745 2271 839 2330 acrius
851 2288 945 2348 paene
958 2287 1041 2347 quam
1053 2268 1128 2327 vitiis

91 2364 126 2418 29
137 2361 238 2432 posset
253 2352 362 2429 adfligit
374 2354 542 2430 agricolam.
569 2363 599 2413 et
614 2353 823 2428 carbunculus,
846 2370 920 2431 quae
936 2362 1014 2412 terra
1028 2353 1065 2410 ita
1078 2367 1128 2409 vo·
1138 2373 1163 2410 as

135 2446 225 2511 catur,
240 2437 387 2496 emendari
402 2438 461 2496 vite
481 2454 578 2496 macra
593 2437 717 2496 ridetur.
750 2455 814 2496 nam
829 2438 906 2497 tofus
918 2445 996 2496 satur
1013 2452 1047 2493 ac
1062 2435 1129 2493 iria-

135 2520 202 2578 bilis
222 2520 368 2597 expetitur
382 2537 499 2598 quoque
512 2520 549 2581 ab
564 2520 739 2580 auctoribus.
771 2520 919 2597 Vergilius
934 2528 963 2579 et
977 2535 1050 2596 quae
1065 2517 1129 2576 feli·

136 2620 199 2661 cem
211 2601 286 2660 ierat
296 2620 353 2661 non
369 2603 502 2680 inprobat
512 2603 627 2663 vitibus.
654 2603 809 2682 salsaeque
822 2613 918 2663 terrae
930 2602 1017 2662 multa
1028 2601 1130 2660 melius

135 2684 300 2760 creduntur,
317 2687 423 2745 tutiora
441 2687 547 2746 avitiis
570 2688 776 2746 innascentium
795 2687 963 2746 animalium.
994 2702 1050 2745 nec
1070 2682 1130 2742 col·

135 2769 179 2828 les
195 2784 287 2845 opere
307 2768 465 2842 nudantur,
488 2769 512 2827 si
529 2771 593 2846 quis
609 2771 702 2847 perite
717 2770 823 2845 fodiat,
844 2788 900 2829 nec
917 2770 1010 2847 campi
1031 2783 1163 2828 omnesne

134 2853 226 2912 minus
242 2850 322 2910 soles
339 2860 426 2927 atque
441 2850 579 2928 perflatus
596 2870 681 2930 quam
697 2870 770 2931 opus
786 2855 822 2912 sit
833 2854 988 2931 accipiunt,
1004 2860 1034 2911 et
1045 2868 1130 2928 quas·

94 2949 151 2990 aaa
164 2935 227 2994 dam
245 2934 353 3012 pruinis
369 2952 404 2993 ac
419 2933 531 2993 nebulis
547 2937 629 3012 pasci
645 2935 767 2995 diximus
784 2937 859 2996 vitis.
891 2935 1020 2994 Omnium
1035 2952 1130 2993 rerum

136 3027 200 3076 sunt
216 3017 356 3096 quaedam
367 3019 395 3077 in
411 3017 470 3077 alto
484 3027 599 3078 secreta
615 3027 644 3077 et
655 3036 708 3077 suo
724 3020 828 3098 cuique
840 3019 929 3079 eorde
942 3017 1129 3097 pervidenda.

91 3110 127 3162 30
138 3100 213 3173 Quid
228 3101 306 3179 quod
321 3094 463 3160 mutantur
476 3118 566 3178 saepe
582 3101 705 3162 iudicata
722 3121 838 3180 quoque
855 3112 885 3162 et
906 3104 952 3163 diu
969 3097 1130 3179 conperta?

134 3183 166 3242 ln
187 3182 339 3244 Thessalia
366 3184 443 3243 eirca
464 3182 590 3244 larisam
615 3187 721 3246 emisso
749 3187 814 3246 lacu
840 3186 971 3263 frigidior
996 3185 1072 3245 facta
1096 3201 1166 3242 eaas

134 3267 217 3344 regio
233 3275 288 3341 est,
304 3267 448 3345 oleaeque
467 3267 614 3327 desierunt
636 3287 712 3347 quae
733 3272 812 3348 prius
828 3268 951 3329 fuerant.
981 3269 1050 3328 item
1064 3267 1130 3326 vitis

136 3351 228 3426 aduri,
248 3350 325 3428 quod
339 3368 397 3410 non
417 3360 511 3425 antea,
529 3349 628 3411 denos
644 3354 735 3412 sensit
750 3353 865 3412 admoto
881 3351 992 3427 llebro,
1008 3361 1038 3411 et
1052 3351 1131 3423 circa

134 3434 284 3513 Philippos
300 3434 410 3514 cultura
427 3435 537 3495 siccata
554 3436 637 3512 regio
653 3437 773 3496 mutavit
788 3435 863 3496 caeli
886 3436 1021 3497 habiturn.
1055 3442 1084 3493 at
1103 3433 1131 3491 in
