2422 3840
308 197 386 244 nur.
403 196 493 243 mss.
509 197 592 243 xvir.
608 193 712 245 8—10.
745 183 864 261 (4-9.)
1049 182 1090 242 55

92 351 200 411 viribus
223 351 251 408 in
271 348 410 427 quandam
434 349 519 407 etiam
539 349 658 424 gratiam
676 357 793 407 mutato.
826 365 919 425 nuper
942 358 1088 425 repertum

93 436 173 495 oleas
188 433 316 510 gaudere
333 449 464 490 maxume
481 432 579 489 cinere
596 449 612 490 e
629 431 762 491 calcariis
778 431 953 491 fornacibus.
990 431 1084 492 Varro
1097 441 1133 495 54

93 517 259 597 praeceptis
276 515 363 574 adicit
379 516 483 591 equino
499 514 575 592 quod
597 515 634 574 sit
648 515 824 591 levissimrpn
846 525 965 591 segetes
982 516 1088 591 alendi,

93 610 174 681 prata
189 618 260 659 vero
276 600 413 675 graviore
432 606 461 656 et
478 598 554 676 quod
569 617 607 657 ex
623 597 735 657 hordeo
748 597 797 657 bat
811 599 974 676 multasque
989 602 1089 676 gignat

69 685 207 745 sherbas.
242 682 355 760 quidam
378 683 462 740 etiam
482 681 590 741 bubulo
611 683 801 740 iumentorum
826 682 1088 759 praeierunt'ovil·

92 769 207 844 lumque
225 766 355 843 caprino,
377 764 508 824 omnibns
523 782 594 823 vero
612 765 761 840 asininum,
779 767 913 841 quoniam
929 765 1087 824 lentissime

91 853 232 912 mandant.
272 867 288 907 e
313 849 457 907 contrario
484 866 551 907 usus
573 849 713 908 adversus
739 857 890 925 utrumque
914 851 1087 925 pronuntiat.

90 939 164 994 inter
185 932 276 992 omnis
298 940 393 991 autem
415 941 527 991 constat
553 932 621 991 nihil
651 949 719 990 esse
746 931 844 991 utilius
871 931 959 1008 lupini
985 941 1088 1008 segete

91 1019 256 1097 priusquam
272 1014 423 1092 siliquetur
437 1023 533 1074 aratro
552 1015 601 1074 vel
615 1014 780 1075 bidentibus
797 1033 882 1073 versa
898 1015 1088 1093 manipulisve

56 1103 231 1162 rodesectae
253 1100 329 1158 circa
351 1098 464 1158 radices
488 1099 623 1157 arborum
648 1117 683 1158 ac
703 1099 801 1158 vitium
823 1098 944 1157 obrutis.
990 1108 1018 1158 et
1039 1099 1089 1157 ubi

91 1185 199 1245 nonsit
221 1200 330 1261 pecus,
354 1182 447 1242 culmo
469 1183 533 1260 ipso
554 1182 602 1241 vel
619 1183 704 1242 etiam
720 1182 814 1241 'felice
831 1191 997 1241 stercorare
1012 1181 1087 1241 arbi·

90 1277 208 1329 trantur.
241 1264 328 1325 Cato:
352 1266 617 1325 Stercusuude
637 1266 773 1341 lacios,
792 1275 1011 1340 stramenta,
1029 1266 1131 1329 lu·55

90 1348 1087 1431 pinum,paleas,fabaliaacfrondisiligneamquer·
1147 1368 1149 1374 ·

91 1453 203 1494 neam.
236 1431 288 1492 llx
316 1441 450 1507 segete
486 1432 648 1491 evellito
680 1431 840 1508 ebulum,
873 1433 1029 1491 cicutam
1054 1442 1089 1490 et

56 1519 230 1577 incircum
246 1515 379 1574 salicta
394 1513 546 1574 herbam
563 1514 671 1574 altam
686 1513 893 1592 ulvamque.
912 1533 987 1574 eam
1004 1515 1088 1574 sub.-

93 1595 996 1675 sternitoovibus,bubusquelroudemputidam.
1024 1597 1088 1656 Vi·

93 1683 204 1742 neasi
234 1698 354 1741 macra
388 1682 475 1754 erit,
508 1689 689 1740 sarmenta
722 1697 784 1740 sua
814 1679 1022 1741 comburito
1053 1690 1089 1739 et

93 1765 226 1825 ibidem
250 1766 403 1823 inarato.
449 1764 599 1841 idemque:
629 1763 696 1824 Ubi
724 1773 874 1823 saturus
905 1767 981 1823 eris
1013 1765 1087 1823 lru·

92 1846 645 1922 mentum‚ovisibideleotato.

55 1952 82 1992 ao
155 1935 216 2013 (7.)
247 1931 309 1992 Nec
334 1949 392 1991 non
424 1941 453 1990 et
479 1933 548 1990 satis
580 1931 749 2009 quibusdam
775 1932 846 2010 ipsis
872 1933 953 2010 pasci
980 1940 1131 1994 terram56

92 2019 169 2079 dicit.
213 2026 345 2092 segetem
377 2023 541 2075 stercorant
569 2015 685 2091 fruges,
721 2016 863 2092 lupinum,
890 2015 973 2091 faba,
1001 2018 1087 2091 vicia,

93 2102 166 2160 sicut
182 2119 198 2159 e
215 2101 359 2159 contrario
376 2099 465 2175 cicer,
480 2100 545 2176 quia
563 2099 678 2157 vellitur
697 2107 726 2157 et
740 2101 807 2177 quia
823 2100 929 2159 salsum
947 2108 1003 2174 est,
1020 2099 1086 2159 hor-

92 2184 186 2258 deum,
205 2183 301 2241 lenum
317 2181 467 2257 Graecum,
485 2198 593 2240 ervom.
620 2180 802 2242 haecomnia
818 2191 950 2258 segetem
966 2192 1088 2241 exurunt

84 2260 122 2326 ‘et
138 2267 230 2326 omnia
252 2282 326 2342 quae
347 2263 500 2324 velluntur.
531 2262 652 2323 nucleos
675 2265 703 2323 in
726 2274 858 2341 segetem
883 2284 919 2323 ne
938 2264 1086 2323 indideris.

56 2367 83 2405 cs
92 2350 238 2426 Vergilius
255 2359 283 2408 et
298 2350 356 2408 lino
372 2358 504 2425 segetem
529 2349 610 2406 exuri
632 2355 660 2406 et
681 2365 771 2406 avena
794 2357 822 2406 et
843 2365 990 2425 papavere
1013 2346 1087 2406 arbi-

92 2444 190 2493 tratur.

156 2514 216 2596 (8.)
240 2515 350 2575 Fimeta
369 2515 421 2575 sub
437 2516 483 2575 diu
500 2532 630 2574 concavo
647 2515 714 2574 loco
737 2517 828 2592 etqui
850 2531 978 2574 umorem
1000 2514 1083 2573 colli·
1095 2523 1130 2580 ⁵7

92 2609 157 2676 gat,
181 2607 338 2659 stramento
354 2601 479 2674 intecta,
502 2617 538 2657 ne
556 2600 584 2657 in
601 2599 665 2658 sole
684 2607 834 2674 arescant,
860 2598 928 2678 palo
944 2617 960 2656 e
978 2596 1086 2658 robore

93 2683 218 2760 depacto
236 2681 299 2740 lieri
316 2682 424 2740 iubent.
455 2683 492 2741 ita
515 2683 580 2741 lore
602 2699 639 2740 ne
654 2684 836 2741 innascantur
861 2683 905 2742 bis
921 2691 1086 2760 serpentes.

56 2780 83 2820 ao
94 2765 201 2824 Fimum
216 2766 325 2824 inicere
341 2775 438 2824 terrae
453 2766 613 2843 plurumum
626 2766 717 2825 refert
734 2766 850 2825 favonio
868 2766 955 2825 llante
971 2783 1006 2824 ac
1022 2765 1087 2824 luna

93 2851 216 2908 sitiente.
255 2848 284 2908 id
300 2849 432 2927 plerique
449 2866 538 2928 prave
555 2849 727 2926 intellegunt
742 2867 758 2909 a
775 2850 872 2910 favoni
893 2858 957 2908 ortu
979 2849 1086 2908 iacien-

93 2934 158 2992 dum
173 2950 208 2991 ac
222 2930 381 2991 Februario
397 2950 496 2991 meuse
512 2942 637 3009 tantum,
662 2951 725 2992 cum
741 2933 769 2993 id
787 2933 928 3011 pleraque
944 2941 1006 2991 sata
1022 2932 1086 2991 aliis

93 3015 239 3094 postulent
255 3015 409 3074 mensibus.
441 3033 622 3095 quocumque
643 3026 776 3094 tempore
798 3018 898 3076 iacere
913 3015 1018 3089 libeat,
1037 3033 1085 3074 cu·

91 3099 209 3158 randum
223 3108 254 3159 nt
269 3098 305 3158 ab
323 3116 431 3158 occasu
453 3100 656 3176 aequinoctiali
677 3100 763 3159 llante
782 3109 870 3159 vento
891 3099 940 3158 liat
962 3099 1086 3177 lunaque

55 3202 82 3243 as
92 3183 284 3243 decrescente
298 3201 333 3241 ac
351 3184 439 3242 sicca.
469 3184 568 3243 mirum
584 3184 612 3241 in
625 3183 738 3242 modurn
754 3192 876 3260 augetur
887 3183 1003 3242 ubertas
1016 3183 1087 3242 effe·

92 3276 214 3343 ctusque
232 3268 295 3325 eius
310 3265 514 3325 observatione
529 3265 589 3325 tali.

99 3407 101 3412 .
156 3351 205 3412 to.
223 3349 285 3428 (9.)
301 3348 339 3408 Et
350 3348 463 3410 abunde
478 3349 627 3427 praedicta
643 3351 754 3409 ratione
764 3350 838 3409 caeli
854 3367 888 3409 ao
901 3358 997 3408 terrae
1009 3365 1084 3406 nnnc
1095 3357 1130 3411 58

93 3431 129 3492 de
143 3431 189 3492 bis
203 3431 356 3493 arboribus
372 3433 491 3496 dicimus
508 3451 582 3511 quae
598 3451 666 3492 cura
681 3433 825 3492 bominum
839 3441 927 3508 atque
941 3439 1010 3487 arte
1019 3447 1095 3500 m·
