<?xml version="1.0" encoding="UTF-8"?>
<!DOCTYPE html PUBLIC "-//W3C//DTD XHTML 1.0 Transitional//EN"
    "http://www.w3.org/TR/xhtml1/DTD/xhtml1-transitional.dtd">
<html xmlns="http://www.w3.org/1999/xhtml" xml:lang="en" lang="en">
 <head>
  <title>
</title>
<meta http-equiv="Content-Type" content="text/html;charset=utf-8" />
  <meta name='ocr-system' content='tesseract 3.04.00' />
  <meta name='ocr-capabilities' content='ocr_page ocr_carea ocr_par ocr_line ocrx_word'/>
</head>
<body>
  <div class='ocr_page' id='page_1' title='image "./cplinisecundina04plingoog_0157.png"; bbox 0 0 2422 3840; ppageno 0'>
   <div class='ocr_carea' id='block_1_1' title="bbox 136 190 790 252">
    <p class='ocr_par' dir='ltr' id='par_1_1' title="bbox 136 190 790 252">
     <span class='ocr_line' id='line_1_1' title="bbox 136 190 790 252; baseline -0.006 0"><span class='ocrx_word' id='word_1_1' title='bbox 136 190 175 252; x_wconf 90' lang='lat'><strong>98</strong></span> <span class='ocrx_word' id='word_1_2' title='bbox 480 202 510 250; x_wconf 88' lang='lat' dir='ltr'><strong>o.</strong></span> <span class='ocrx_word' id='word_1_3' title='bbox 526 201 790 250; x_wconf 81' lang='lat' dir='ltr'><strong>rmmsucuuur</strong></span> 
     </span>
    </p>
   </div>
   <div class='ocr_carea' id='block_1_2' title="bbox 18 354 1193 3533">
    <p class='ocr_par' dir='ltr' id='par_1_2' title="bbox 131 354 1193 602">
     <span class='ocr_line' id='line_1_2' title="bbox 132 354 1135 433; baseline 0.003 -17"><span class='ocrx_word' id='word_1_4' title='bbox 132 375 211 431; x_wconf 90' lang='lat' dir='ltr'><strong>mus,</strong></span> <span class='ocrx_word' id='word_1_5' title='bbox 235 373 309 433; x_wconf 92' lang='lat' dir='ltr'><strong>quae</strong></span> <span class='ocrx_word' id='word_1_6' title='bbox 332 373 390 414; x_wconf 90' lang='lat' dir='ltr'><strong>non</strong></span> <span class='ocrx_word' id='word_1_7' title='bbox 411 359 441 414; x_wconf 91' lang='lat' dir='ltr'><strong>in</strong></span> <span class='ocrx_word' id='word_1_8' title='bbox 455 354 513 415; x_wconf 94' lang='lat' dir='ltr'><strong>alio</strong></span> <span class='ocrx_word' id='word_1_9' title='bbox 534 356 611 415; x_wconf 84' lang='lat' dir='ltr'><strong>ritae</strong></span> <span class='ocrx_word' id='word_1_10' title='bbox 632 373 743 432; x_wconf 82' lang='lat' dir='ltr'><strong>genere</strong></span> <span class='ocrx_word' id='word_1_11' title='bbox 765 355 848 433; x_wconf 89' lang='lat' dir='ltr'><strong>plura</strong></span> <span class='ocrx_word' id='word_1_12' title='bbox 871 357 1035 416; x_wconf 81' lang='lat' dir='ltr'><strong>certiorave</strong></span> <span class='ocrx_word' id='word_1_13' title='bbox 1059 366 1135 419; x_wconf 89' lang='lat' dir='ltr'><strong>sunt.</strong></span> 
     </span>
     <span class='ocr_line' id='line_1_3' title="bbox 132 438 1193 519; baseline 0.001 -19"><span class='ocrx_word' id='word_1_14' title='bbox 132 459 184 500; x_wconf 89' lang='lat' dir='ltr'><strong>cur</strong></span> <span class='ocrx_word' id='word_1_15' title='bbox 198 442 272 501; x_wconf 90' lang='lat' dir='ltr'><strong>enim</strong></span> <span class='ocrx_word' id='word_1_16' title='bbox 287 457 346 498; x_wconf 91' lang='lat' dir='ltr'><strong>non</strong></span> <span class='ocrx_word' id='word_1_17' title='bbox 359 439 512 500; x_wconf 90' lang='lat' dir='ltr'><strong>videantur</strong></span> <span class='ocrx_word' id='word_1_18' title='bbox 531 438 650 499; x_wconf 89' lang='lat' dir='ltr'><strong>oracula</strong></span> <span class='ocrx_word' id='word_1_19' title='bbox 665 457 681 498; x_wconf 88' lang='lat' dir='ltr'><strong>a</strong></span> <span class='ocrx_word' id='word_1_20' title='bbox 698 439 859 498; x_wconf 83' lang='lat' dir='ltr'><strong>certissimo</strong></span> <span class='ocrx_word' id='word_1_21' title='bbox 879 439 927 499; x_wconf 92' lang='lat' dir='ltr'><strong>die</strong></span> <span class='ocrx_word' id='word_1_22' title='bbox 943 458 1136 519; x_wconf 84' lang='lat' dir='ltr'><strong>maxumeque</strong></span> <span class='ocrx_word' id='word_1_23' title='bbox 1186 454 1193 461; x_wconf 85' lang='lat'>·</span> 
     </span>
     <span class='ocr_line' id='line_1_4' title="bbox 131 519 503 602; baseline -0.008 -19"><span class='ocrx_word' id='word_1_24' title='bbox 131 525 263 584; x_wconf 86' lang='lat' dir='ltr'><strong>veridico</strong></span> <span class='ocrx_word' id='word_1_25' title='bbox 279 542 332 584; x_wconf 92' lang='lat' dir='ltr'><strong>usu</strong></span> <span class='ocrx_word' id='word_1_26' title='bbox 347 519 503 602; x_wconf 79' lang='lat' dir='ltr'><strong>profecta?</strong></span> 
     </span>
    </p>

    <p class='ocr_par' dir='ltr' id='par_1_3' title="bbox 90 603 1169 1187">
     <span class='ocr_line' id='line_1_5' title="bbox 90 603 1136 685; baseline -0.001 -17"><span class='ocrx_word' id='word_1_27' title='bbox 90 616 125 670; x_wconf 71' lang='grc' dir='ltr'><strong>ιθ</strong></span> <span class='ocrx_word' id='word_1_28' title='bbox 199 610 229 667; x_wconf 85' lang='grc'><strong>5.</strong></span> <span class='ocrx_word' id='word_1_29' title='bbox 253 607 426 685; x_wconf 88' lang='lat' dir='ltr'><strong>Principium</strong></span> <span class='ocrx_word' id='word_1_30' title='bbox 446 615 541 666; x_wconf 89' lang='lat' dir='ltr'><strong>autem</strong></span> <span class='ocrx_word' id='word_1_31' title='bbox 562 623 578 664; x_wconf 88' lang='lat' dir='ltr'><strong>a</strong></span> <span class='ocrx_word' id='word_1_32' title='bbox 600 603 711 664; x_wconf 83' lang='lat' dir='ltr'><strong>Catone</strong></span> <span class='ocrx_word' id='word_1_33' title='bbox 733 623 893 666; x_wconf 88' lang='lat' dir='ltr'><strong>sumemus:</strong></span> <span class='ocrx_word' id='word_1_34' title='bbox 922 607 1136 667; x_wconf 85' lang='lat' dir='ltr'><strong>Fortissimi</strong></span> 
     </span>
     <span class='ocr_line' id='line_1_6' title="bbox 131 689 1161 769; baseline 0 -18"><span class='ocrx_word' id='word_1_35' title='bbox 131 693 203 751; x_wconf 90' lang='lat' dir='ltr'><strong>viri</strong></span> <span class='ocrx_word' id='word_1_36' title='bbox 220 700 257 750; x_wconf 93' lang='lat' dir='ltr'><strong>et</strong></span> <span class='ocrx_word' id='word_1_37' title='bbox 277 692 416 751; x_wconf 87' lang='lat' dir='ltr'><strong>milites</strong></span> <span class='ocrx_word' id='word_1_38' title='bbox 437 689 691 750; x_wconf 80' lang='lat' dir='ltr'><strong>strenuissimi</strong></span> <span class='ocrx_word' id='word_1_39' title='bbox 713 706 757 747; x_wconf 88' lang='lat' dir='ltr'><strong>ex</strong></span> <span class='ocrx_word' id='word_1_40' title='bbox 778 691 961 766; x_wconf 78' lang='lat' dir='ltr'><strong>agricolis</strong></span> <span class='ocrx_word' id='word_1_41' title='bbox 978 695 1161 769; x_wconf 84' lang='lat' dir='ltr'><strong>gignun·s</strong></span> 
     </span>
     <span class='ocr_line' id='line_1_7' title="bbox 132 773 1135 852; baseline -0.001 -17"><span class='ocrx_word' id='word_1_42' title='bbox 132 785 188 835; x_wconf 89' lang='lat' dir='ltr'><strong>tur</strong></span> <span class='ocrx_word' id='word_1_43' title='bbox 220 777 451 852; x_wconf 90' lang='lat' dir='ltr'><strong>minumeque</strong></span> <span class='ocrx_word' id='word_1_44' title='bbox 481 773 575 833; x_wconf 90' lang='lat' dir='ltr'><strong>male</strong></span> <span class='ocrx_word' id='word_1_45' title='bbox 603 774 832 850; x_wconf 87' lang='lat' dir='ltr'><strong>cogitantes.</strong></span> <span class='ocrx_word' id='word_1_46' title='bbox 876 774 1066 834; x_wconf 87' lang='lat' dir='ltr'><strong>Praedium</strong></span> <span class='ocrx_word' id='word_1_47' title='bbox 1092 793 1135 835; x_wconf 92' lang='lat' dir='ltr'><strong>ne</strong></span> 
     </span>
     <span class='ocr_line' id='line_1_8' title="bbox 133 859 1136 938; baseline -0.003 -19"><span class='ocrx_word' id='word_1_48' title='bbox 133 859 266 938; x_wconf 88' lang='lat' dir='ltr'><strong>cupide</strong></span> <span class='ocrx_word' id='word_1_49' title='bbox 286 877 391 919; x_wconf 90' lang='lat' dir='ltr'><strong>emas.</strong></span> <span class='ocrx_word' id='word_1_50' title='bbox 421 859 454 916; x_wconf 91' lang='lat' dir='ltr'><strong>in</strong></span> <span class='ocrx_word' id='word_1_51' title='bbox 471 876 509 917; x_wconf 94' lang='lat' dir='ltr'><strong>re</strong></span> <span class='ocrx_word' id='word_1_52' title='bbox 532 859 678 917; x_wconf 87' lang='lat' dir='ltr'><strong>rustica</strong></span> <span class='ocrx_word' id='word_1_53' title='bbox 698 874 835 934; x_wconf 84' lang='lat' dir='ltr'><strong>operae</strong></span> <span class='ocrx_word' id='word_1_54' title='bbox 856 875 900 917; x_wconf 91' lang='lat' dir='ltr'><strong>ne</strong></span> <span class='ocrx_word' id='word_1_55' title='bbox 921 876 1072 937; x_wconf 87' lang='lat' dir='ltr'><strong>pareas,</strong></span> <span class='ocrx_word' id='word_1_56' title='bbox 1102 859 1136 916; x_wconf 91' lang='lat' dir='ltr'><strong>in</strong></span> 
     </span>
     <span class='ocr_line' id='line_1_9' title="bbox 133 940 1136 1021; baseline -0.002 -18"><span class='ocrx_word' id='word_1_57' title='bbox 133 961 219 1019; x_wconf 85' lang='lat' dir='ltr'><strong>agro</strong></span> <span class='ocrx_word' id='word_1_58' title='bbox 252 942 402 1002; x_wconf 92' lang='lat' dir='ltr'><strong>emendo</strong></span> <span class='ocrx_word' id='word_1_59' title='bbox 433 943 596 1000; x_wconf 91' lang='lat' dir='ltr'><strong>minume.</strong></span> <span class='ocrx_word' id='word_1_60' title='bbox 640 940 734 1018; x_wconf 91' lang='lat' dir='ltr'><strong>quod</strong></span> <span class='ocrx_word' id='word_1_61' title='bbox 761 941 857 1015; x_wconf 83' lang='lat' dir='ltr'><strong>male</strong></span> <span class='ocrx_word' id='word_1_62' title='bbox 896 952 1049 1021; x_wconf 93' lang='lat' dir='ltr'><strong>emptum</strong></span> <span class='ocrx_word' id='word_1_63' title='bbox 1078 951 1136 1001; x_wconf 88' lang='lat' dir='ltr'><strong>est</strong></span> 
     </span>
     <span class='ocr_line' id='line_1_10' title="bbox 134 1026 1136 1104; baseline -0.002 -18"><span class='ocrx_word' id='word_1_64' title='bbox 134 1045 279 1104; x_wconf 85' lang='lat' dir='ltr'><strong>semper</strong></span> <span class='ocrx_word' id='word_1_65' title='bbox 303 1026 487 1103; x_wconf 89' lang='lat' dir='ltr'><strong>poenitet.</strong></span> <span class='ocrx_word' id='word_1_66' title='bbox 529 1042 655 1101; x_wconf 88' lang='lat' dir='ltr'><strong>agrum</strong></span> <span class='ocrx_word' id='word_1_67' title='bbox 684 1033 884 1103; x_wconf 90' lang='lat' dir='ltr'><strong>paraturos</strong></span> <span class='ocrx_word' id='word_1_68' title='bbox 910 1035 992 1086; x_wconf 90' lang='lat' dir='ltr'><strong>ante</strong></span> <span class='ocrx_word' id='word_1_69' title='bbox 1018 1027 1136 1085; x_wconf 90' lang='lat' dir='ltr'><strong>omnia</strong></span> 
     </span>
     <span class='ocr_line' id='line_1_11' title="bbox 132 1109 1169 1187; baseline 0.004 -17"><span class='ocrx_word' id='word_1_70' title='bbox 132 1112 268 1170; x_wconf 88' lang='lat' dir='ltr'><strong>intueri</strong></span> <span class='ocrx_word' id='word_1_71' title='bbox 297 1118 451 1186; x_wconf 90' lang='lat' dir='ltr'><strong>oportet</strong></span> <span class='ocrx_word' id='word_1_72' title='bbox 486 1125 631 1185; x_wconf 84' lang='lat' dir='ltr'><strong>aquam,</strong></span> <span class='ocrx_word' id='word_1_73' title='bbox 669 1109 778 1186; x_wconf 87' lang='lat' dir='ltr'><strong>viam,</strong></span> <span class='ocrx_word' id='word_1_74' title='bbox 808 1109 982 1169; x_wconf 90' lang='lat' dir='ltr'><strong>vicinum.</strong></span> <span class='ocrx_word' id='word_1_75' title='bbox 1016 1109 1169 1187; x_wconf 84' lang='lat' dir='ltr'><strong>Singularo</strong></span> 
     </span>
    </p>

    <p class='ocr_par' dir='ltr' id='par_1_4' title="bbox 90 1190 1137 1524">
     <span class='ocr_line' id='line_1_12' title="bbox 90 1190 1135 1271; baseline -0.004 -16"><span class='ocrx_word' id='word_1_76' title='bbox 90 1207 124 1262; x_wconf 73' lang='lat' dir='ltr'><strong>ut</strong></span> <span class='ocrx_word' id='word_1_77' title='bbox 134 1212 254 1271; x_wconf 92' lang='lat' dir='ltr'><strong>magnas</strong></span> <span class='ocrx_word' id='word_1_78' title='bbox 269 1195 524 1271; x_wconf 68' lang='lat' dir='ltr'><strong>interpretationes</strong></span> <span class='ocrx_word' id='word_1_79' title='bbox 543 1190 651 1251; x_wconf 88' lang='lat' dir='ltr'><strong>habent</strong></span> <span class='ocrx_word' id='word_1_80' title='bbox 668 1209 724 1251; x_wconf 91' lang='lat' dir='ltr'><strong>nec</strong></span> <span class='ocrx_word' id='word_1_81' title='bbox 740 1191 851 1251; x_wconf 91' lang='lat' dir='ltr'><strong>dubias.</strong></span> <span class='ocrx_word' id='word_1_82' title='bbox 885 1190 957 1253; x_wconf 81' lang='lat' dir='ltr'><strong>Cato</strong></span> <span class='ocrx_word' id='word_1_83' title='bbox 974 1196 1003 1252; x_wconf 92' lang='lat' dir='ltr'><strong>in</strong></span> <span class='ocrx_word' id='word_1_84' title='bbox 1019 1202 1135 1252; x_wconf 83' lang='lat' dir='ltr'><strong>conter-</strong></span> 
     </span>
     <span class='ocr_line' id='line_1_13' title="bbox 132 1274 1137 1355; baseline -0.001 -18"><span class='ocrx_word' id='word_1_85' title='bbox 132 1279 215 1347; x_wconf 87' lang='lat' dir='ltr'><strong>minis</strong></span> <span class='ocrx_word' id='word_1_86' title='bbox 235 1278 291 1337; x_wconf 89' lang='lat' dir='ltr'><strong>hoc</strong></span> <span class='ocrx_word' id='word_1_87' title='bbox 313 1277 437 1355; x_wconf 90' lang='lat' dir='ltr'><strong>amplius</strong></span> <span class='ocrx_word' id='word_1_88' title='bbox 457 1276 603 1335; x_wconf 88' lang='lat' dir='ltr'><strong>aestimari</strong></span> <span class='ocrx_word' id='word_1_89' title='bbox 625 1274 721 1351; x_wconf 91' lang='lat' dir='ltr'><strong>iubet,</strong></span> <span class='ocrx_word' id='word_1_90' title='bbox 759 1292 816 1354; x_wconf 93' lang='lat' dir='ltr'><strong>quo</strong></span> <span class='ocrx_word' id='word_1_91' title='bbox 837 1287 924 1354; x_wconf 89' lang='lat' dir='ltr'><strong>pacto</strong></span> <span class='ocrx_word' id='word_1_92' title='bbox 946 1279 1066 1337; x_wconf 87' lang='lat' dir='ltr'><strong>niteant.</strong></span> <span class='ocrx_word' id='word_1_93' title='bbox 1102 1277 1137 1336; x_wconf 94' lang='lat' dir='ltr'><strong>in</strong></span> 
     </span>
     <span class='ocr_line' id='line_1_14' title="bbox 133 1359 1135 1438; baseline -0.002 -17"><span class='ocrx_word' id='word_1_94' title='bbox 133 1363 226 1422; x_wconf 91' lang='lat' dir='ltr'><strong>bona</strong></span> <span class='ocrx_word' id='word_1_95' title='bbox 252 1363 343 1435; x_wconf 92' lang='lat' dir='ltr'><strong>enim,</strong></span> <span class='ocrx_word' id='word_1_96' title='bbox 366 1362 471 1438; x_wconf 91' lang='lat' dir='ltr'><strong>inquit,</strong></span> <span class='ocrx_word' id='word_1_97' title='bbox 491 1360 648 1436; x_wconf 87' lang='lat' dir='ltr'><strong>regione</strong></span> <span class='ocrx_word' id='word_1_98' title='bbox 675 1359 768 1419; x_wconf 87' lang='lat' dir='ltr'><strong>bene</strong></span> <span class='ocrx_word' id='word_1_99' title='bbox 792 1361 922 1420; x_wconf 91' lang='lat' dir='ltr'><strong>nitent.</strong></span> <span class='ocrx_word' id='word_1_100' title='bbox 953 1361 1059 1420; x_wconf 83' lang='lat' dir='ltr'><strong>Atilius</strong></span> <span class='ocrx_word' id='word_1_101' title='bbox 1078 1359 1135 1419; x_wconf 87' lang='lat' dir='ltr'><strong>Re·</strong></span> 
     </span>
     <span class='ocr_line' id='line_1_15' title="bbox 132 1442 1136 1524; baseline -0.001 -20"><span class='ocrx_word' id='word_1_102' title='bbox 132 1446 217 1524; x_wconf 88' lang='lat' dir='ltr'><strong>gulus</strong></span> <span class='ocrx_word' id='word_1_103' title='bbox 236 1445 286 1505; x_wconf 91' lang='lat' dir='ltr'><strong>ille</strong></span> <span class='ocrx_word' id='word_1_104' title='bbox 307 1445 417 1504; x_wconf 89' lang='lat' dir='ltr'><strong>Punico</strong></span> <span class='ocrx_word' id='word_1_105' title='bbox 437 1443 518 1503; x_wconf 90' lang='lat' dir='ltr'><strong>bello</strong></span> <span class='ocrx_word' id='word_1_106' title='bbox 538 1443 584 1502; x_wconf 90' lang='lat' dir='ltr'><strong>bis</strong></span> <span class='ocrx_word' id='word_1_107' title='bbox 609 1444 711 1502; x_wconf 89' lang='lat' dir='ltr'><strong>consul</strong></span> <span class='ocrx_word' id='word_1_108' title='bbox 731 1442 829 1503; x_wconf 90' lang='lat' dir='ltr'><strong>aiebat</strong></span> <span class='ocrx_word' id='word_1_109' title='bbox 848 1461 945 1523; x_wconf 88' lang='lat' dir='ltr'><strong>neque</strong></span> <span class='ocrx_word' id='word_1_110' title='bbox 962 1445 1136 1505; x_wconf 80' lang='lat' dir='ltr'><strong>fecundissi-</strong></span> 
     </span>
    </p>

    <p class='ocr_par' dir='ltr' id='par_1_5' title="bbox 18 1527 1170 1857">
     <span class='ocr_line' id='line_1_16' title="bbox 18 1527 1170 1606; baseline -0.002 -21"><span class='ocrx_word' id='word_1_111' title='bbox 18 1581 20 1585; x_wconf 87' lang='lat'><strong>.</strong></span> <span class='ocrx_word' id='word_1_112' title='bbox 132 1531 185 1588; x_wconf 91' lang='lat' dir='ltr'><strong>mis</strong></span> <span class='ocrx_word' id='word_1_113' title='bbox 205 1530 279 1590; x_wconf 90' lang='lat' dir='ltr'><strong>locis</strong></span> <span class='ocrx_word' id='word_1_114' title='bbox 299 1529 474 1588; x_wconf 83' lang='lat' dir='ltr'><strong>insalubrem</strong></span> <span class='ocrx_word' id='word_1_115' title='bbox 494 1545 595 1604; x_wconf 87' lang='lat' dir='ltr'><strong>agrum</strong></span> <span class='ocrx_word' id='word_1_116' title='bbox 620 1527 796 1605; x_wconf 91' lang='lat' dir='ltr'><strong>parandum,</strong></span> <span class='ocrx_word' id='word_1_117' title='bbox 822 1546 918 1606; x_wconf 87' lang='lat' dir='ltr'><strong>neque</strong></span> <span class='ocrx_word' id='word_1_118' title='bbox 940 1529 1035 1588; x_wconf 81' lang='lat' dir='ltr'><strong>effetis</strong></span> <span class='ocrx_word' id='word_1_119' title='bbox 1060 1529 1170 1588; x_wconf 78' lang='lat' dir='ltr'><strong>salu-rc</strong></span> 
     </span>
     <span class='ocr_line' id='line_1_17' title="bbox 132 1611 1135 1688; baseline -0.001 -15"><span class='ocrx_word' id='word_1_120' title='bbox 132 1614 296 1674; x_wconf 90' lang='lat' dir='ltr'><strong>berrimum.</strong></span> <span class='ocrx_word' id='word_1_121' title='bbox 330 1612 491 1672; x_wconf 81' lang='lat' dir='ltr'><strong>Salubritas</strong></span> <span class='ocrx_word' id='word_1_122' title='bbox 506 1611 565 1670; x_wconf 88' lang='lat' dir='ltr'><strong>loei</strong></span> <span class='ocrx_word' id='word_1_123' title='bbox 579 1627 637 1669; x_wconf 93' lang='lat' dir='ltr'><strong>non</strong></span> <span class='ocrx_word' id='word_1_124' title='bbox 652 1629 770 1688; x_wconf 87' lang='lat' dir='ltr'><strong>semper</strong></span> <span class='ocrx_word' id='word_1_125' title='bbox 788 1612 947 1671; x_wconf 91' lang='lat' dir='ltr'><strong>incolarum</strong></span> <span class='ocrx_word' id='word_1_126' title='bbox 965 1612 1068 1672; x_wconf 92' lang='lat' dir='ltr'><strong>colore</strong></span> <span class='ocrx_word' id='word_1_127' title='bbox 1086 1612 1135 1673; x_wconf 88' lang='lat' dir='ltr'><strong>de-</strong></span> 
     </span>
     <span class='ocr_line' id='line_1_18' title="bbox 132 1695 1135 1775; baseline -0.003 -17"><span class='ocrx_word' id='word_1_128' title='bbox 132 1700 249 1775; x_wconf 87' lang='lat' dir='ltr'><strong>tegitur,</strong></span> <span class='ocrx_word' id='word_1_129' title='bbox 267 1698 400 1774; x_wconf 87' lang='lat' dir='ltr'><strong>quoniam</strong></span> <span class='ocrx_word' id='word_1_130' title='bbox 414 1696 526 1756; x_wconf 89' lang='lat' dir='ltr'><strong>adsueti</strong></span> <span class='ocrx_word' id='word_1_131' title='bbox 543 1696 628 1754; x_wconf 86' lang='lat' dir='ltr'><strong>etiam</strong></span> <span class='ocrx_word' id='word_1_132' title='bbox 643 1696 672 1753; x_wconf 90' lang='lat' dir='ltr'><strong>in</strong></span> <span class='ocrx_word' id='word_1_133' title='bbox 686 1695 888 1772; x_wconf 88' lang='lat' dir='ltr'><strong>pestilentibus</strong></span> <span class='ocrx_word' id='word_1_134' title='bbox 903 1697 1015 1756; x_wconf 90' lang='lat' dir='ltr'><strong>durant.</strong></span> <span class='ocrx_word' id='word_1_135' title='bbox 1050 1714 1135 1774; x_wconf 88' lang='lat' dir='ltr'><strong>prae·</strong></span> 
     </span>
     <span class='ocr_line' id='line_1_19' title="bbox 132 1777 1136 1857; baseline -0.004 -15"><span class='ocrx_word' id='word_1_136' title='bbox 132 1791 215 1842; x_wconf 92' lang='lat' dir='ltr'><strong>terea</strong></span> <span class='ocrx_word' id='word_1_137' title='bbox 233 1789 298 1840; x_wconf 91' lang='lat' dir='ltr'><strong>sunt</strong></span> <span class='ocrx_word' id='word_1_138' title='bbox 313 1779 453 1857; x_wconf 89' lang='lat' dir='ltr'><strong>quaedam</strong></span> <span class='ocrx_word' id='word_1_139' title='bbox 469 1777 653 1857; x_wconf 82' lang='lat' dir='ltr'><strong>quibusdum</strong></span> <span class='ocrx_word' id='word_1_140' title='bbox 673 1778 804 1856; x_wconf 91' lang='lat' dir='ltr'><strong>partibus</strong></span> <span class='ocrx_word' id='word_1_141' title='bbox 821 1780 886 1839; x_wconf 90' lang='lat' dir='ltr'><strong>anni</strong></span> <span class='ocrx_word' id='word_1_142' title='bbox 900 1780 1044 1855; x_wconf 88' lang='lat' dir='ltr'><strong>salubria,</strong></span> <span class='ocrx_word' id='word_1_143' title='bbox 1065 1779 1136 1839; x_wconf 89' lang='lat' dir='ltr'><strong>nibil</strong></span> 
     </span>
    </p>

    <p class='ocr_par' dir='ltr' id='par_1_6' title="bbox 79 1860 1170 3533">
     <span class='ocr_line' id='line_1_20' title="bbox 90 1860 1136 1939; baseline -0.007 -11"><span class='ocrx_word' id='word_1_144' title='bbox 90 1874 230 1929; x_wconf 73' lang='lat' dir='ltr'><strong>udautem</strong></span> <span class='ocrx_word' id='word_1_145' title='bbox 247 1863 373 1921; x_wconf 86' lang='lat' dir='ltr'><strong>salutare</strong></span> <span class='ocrx_word' id='word_1_146' title='bbox 389 1871 435 1921; x_wconf 88' lang='lat' dir='ltr'><strong>est</strong></span> <span class='ocrx_word' id='word_1_147' title='bbox 454 1863 509 1920; x_wconf 90' lang='lat' dir='ltr'><strong>nisi</strong></span> <span class='ocrx_word' id='word_1_148' title='bbox 532 1860 610 1939; x_wconf 85' lang='lat' dir='ltr'><strong>qdod</strong></span> <span class='ocrx_word' id='word_1_149' title='bbox 632 1870 694 1922; x_wconf 92' lang='lat' dir='ltr'><strong>toto</strong></span> <span class='ocrx_word' id='word_1_150' title='bbox 717 1879 790 1922; x_wconf 87' lang='lat' dir='ltr'><strong>anno</strong></span> <span class='ocrx_word' id='word_1_151' title='bbox 815 1862 941 1923; x_wconf 90' lang='lat' dir='ltr'><strong>salubre.</strong></span> <span class='ocrx_word' id='word_1_152' title='bbox 979 1863 1072 1923; x_wconf 88' lang='lat' dir='ltr'><strong>llalus</strong></span> <span class='ocrx_word' id='word_1_153' title='bbox 1090 1872 1136 1923; x_wconf 90' lang='lat' dir='ltr'><strong>est</strong></span> 
     </span>
     <span class='ocr_line' id='line_1_21' title="bbox 133 1942 1170 2025; baseline 0.001 -17"><span class='ocrx_word' id='word_1_154' title='bbox 133 1966 204 2025; x_wconf 88' lang='lat' dir='ltr'><strong>ager</strong></span> <span class='ocrx_word' id='word_1_155' title='bbox 223 1965 286 2007; x_wconf 92' lang='lat' dir='ltr'><strong>cum</strong></span> <span class='ocrx_word' id='word_1_156' title='bbox 307 1963 364 2023; x_wconf 95' lang='lat' dir='ltr'><strong>quo</strong></span> <span class='ocrx_word' id='word_1_157' title='bbox 384 1946 515 2005; x_wconf 91' lang='lat' dir='ltr'><strong>dominus</strong></span> <span class='ocrx_word' id='word_1_158' title='bbox 533 1945 666 2005; x_wconf 88' lang='lat' dir='ltr'><strong>luctatur.</strong></span> <span class='ocrx_word' id='word_1_159' title='bbox 708 1942 781 2006; x_wconf 85' lang='lat' dir='ltr'><strong>Cato</strong></span> <span class='ocrx_word' id='word_1_160' title='bbox 804 1947 878 2005; x_wconf 90' lang='lat' dir='ltr'><strong>inter</strong></span> <span class='ocrx_word' id='word_1_161' title='bbox 893 1949 984 2024; x_wconf 91' lang='lat' dir='ltr'><strong>prima</strong></span> <span class='ocrx_word' id='word_1_162' title='bbox 1007 1949 1135 2025; x_wconf 90' lang='lat' dir='ltr'><strong>spectari</strong></span> <span class='ocrx_word' id='word_1_163' title='bbox 1143 1967 1170 2009; x_wconf 83' lang='lat' dir='ltr'><strong>ao</strong></span> 
     </span>
     <span class='ocr_line' id='line_1_22' title="bbox 91 2029 1135 2109; baseline 0 -19"><span class='ocrx_word' id='word_1_164' title='bbox 91 2049 145 2091; x_wconf 76' lang='lat' dir='ltr'><strong>uss</strong></span> <span class='ocrx_word' id='word_1_165' title='bbox 152 2032 231 2091; x_wconf 90' lang='lat' dir='ltr'><strong>iubet</strong></span> <span class='ocrx_word' id='word_1_166' title='bbox 247 2038 278 2089; x_wconf 94' lang='lat' dir='ltr'><strong>ut</strong></span> <span class='ocrx_word' id='word_1_167' title='bbox 300 2029 393 2088; x_wconf 94' lang='lat' dir='ltr'><strong>solum</strong></span> <span class='ocrx_word' id='word_1_168' title='bbox 416 2047 467 2089; x_wconf 87' lang='lat' dir='ltr'><strong>sua</strong></span> <span class='ocrx_word' id='word_1_169' title='bbox 484 2030 590 2088; x_wconf 91' lang='lat' dir='ltr'><strong>virtute</strong></span> <span class='ocrx_word' id='word_1_170' title='bbox 606 2029 705 2089; x_wconf 87' lang='lat' dir='ltr'><strong>valeat</strong></span> <span class='ocrx_word' id='word_1_171' title='bbox 719 2047 775 2108; x_wconf 90' lang='lat' dir='ltr'><strong>qua</strong></span> <span class='ocrx_word' id='word_1_172' title='bbox 793 2030 899 2089; x_wconf 92' lang='lat' dir='ltr'><strong>dictum</strong></span> <span class='ocrx_word' id='word_1_173' title='bbox 918 2040 963 2090; x_wconf 89' lang='lat' dir='ltr'><strong>est</strong></span> <span class='ocrx_word' id='word_1_174' title='bbox 979 2031 1135 2109; x_wconf 85' lang='lat' dir='ltr'><strong>positione,</strong></span> 
     </span>
     <span class='ocr_line' id='line_1_23' title="bbox 133 2113 1136 2193; baseline -0.003 -18"><span class='ocrx_word' id='word_1_175' title='bbox 133 2125 163 2175; x_wconf 94' lang='lat' dir='ltr'><strong>ut</strong></span> <span class='ocrx_word' id='word_1_176' title='bbox 186 2115 391 2192; x_wconf 88' lang='lat' dir='ltr'><strong>operariorum</strong></span> <span class='ocrx_word' id='word_1_177' title='bbox 418 2113 503 2191; x_wconf 88' lang='lat' dir='ltr'><strong>copia</strong></span> <span class='ocrx_word' id='word_1_178' title='bbox 532 2129 626 2190; x_wconf 90' lang='lat' dir='ltr'><strong>prope</strong></span> <span class='ocrx_word' id='word_1_179' title='bbox 655 2115 692 2172; x_wconf 89' lang='lat' dir='ltr'><strong>sit</strong></span> <span class='ocrx_word' id='word_1_180' title='bbox 718 2113 913 2193; x_wconf 84' lang='lat' dir='ltr'><strong>oppidumque</strong></span> <span class='ocrx_word' id='word_1_181' title='bbox 937 2115 1078 2191; x_wconf 84' lang='lat' dir='ltr'><strong>validum,</strong></span> <span class='ocrx_word' id='word_1_182' title='bbox 1105 2123 1136 2172; x_wconf 91' lang='lat' dir='ltr'><strong>nt</strong></span> 
     </span>
     <span class='ocr_line' id='line_1_24' title="bbox 133 2195 1134 2276; baseline -0.003 -18"><span class='ocrx_word' id='word_1_183' title='bbox 133 2200 311 2276; x_wconf 83' lang='lat' dir='ltr'><strong>navigiorum</strong></span> <span class='ocrx_word' id='word_1_184' title='bbox 327 2206 447 2257; x_wconf 86' lang='lat' dir='ltr'><strong>evectus</strong></span> <span class='ocrx_word' id='word_1_185' title='bbox 463 2195 512 2256; x_wconf 87' lang='lat' dir='ltr'><strong>vel</strong></span> <span class='ocrx_word' id='word_1_186' title='bbox 534 2197 684 2273; x_wconf 89' lang='lat' dir='ltr'><strong>itinerum,</strong></span> <span class='ocrx_word' id='word_1_187' title='bbox 707 2207 738 2257; x_wconf 93' lang='lat' dir='ltr'><strong>ut</strong></span> <span class='ocrx_word' id='word_1_188' title='bbox 757 2197 833 2257; x_wconf 90' lang='lat' dir='ltr'><strong>bene</strong></span> <span class='ocrx_word' id='word_1_189' title='bbox 847 2198 1017 2258; x_wconf 83' lang='lat' dir='ltr'><strong>aedificatus</strong></span> <span class='ocrx_word' id='word_1_190' title='bbox 1031 2207 1061 2257; x_wconf 86' lang='lat' dir='ltr'><strong>et</strong></span> <span class='ocrx_word' id='word_1_191' title='bbox 1074 2196 1134 2256; x_wconf 90' lang='lat' dir='ltr'><strong>cul-</strong></span> 
     </span>
     <span class='ocr_line' id='line_1_25' title="bbox 133 2279 1135 2361; baseline -0.003 -19"><span class='ocrx_word' id='word_1_192' title='bbox 133 2293 194 2359; x_wconf 87' lang='lat' dir='ltr'><strong>tus,</strong></span> <span class='ocrx_word' id='word_1_193' title='bbox 219 2284 326 2361; x_wconf 88' lang='lat' dir='ltr'><strong>inquo</strong></span> <span class='ocrx_word' id='word_1_194' title='bbox 353 2282 415 2341; x_wconf 82' lang='lat' dir='ltr'><strong>falli</strong></span> <span class='ocrx_word' id='word_1_195' title='bbox 439 2282 600 2360; x_wconf 90' lang='lat' dir='ltr'><strong>plerosque</strong></span> <span class='ocrx_word' id='word_1_196' title='bbox 625 2282 722 2342; x_wconf 92' lang='lat' dir='ltr'><strong>video.</strong></span> <span class='ocrx_word' id='word_1_197' title='bbox 758 2283 911 2358; x_wconf 90' lang='lat' dir='ltr'><strong>segnitiem</strong></span> <span class='ocrx_word' id='word_1_198' title='bbox 934 2285 1008 2341; x_wconf 92' lang='lat' dir='ltr'><strong>enim</strong></span> <span class='ocrx_word' id='word_1_199' title='bbox 1028 2279 1135 2360; x_wconf 88' lang='lat' dir='ltr'><strong>prioris</strong></span> 
     </span>
     <span class='ocr_line' id='line_1_26' title="bbox 133 2365 1169 2445; baseline -0.005 -17"><span class='ocrx_word' id='word_1_200' title='bbox 133 2368 239 2428; x_wconf 90' lang='lat' dir='ltr'><strong>domini</strong></span> <span class='ocrx_word' id='word_1_201' title='bbox 260 2385 314 2445; x_wconf 93' lang='lat' dir='ltr'><strong>pro</strong></span> <span class='ocrx_word' id='word_1_202' title='bbox 332 2375 465 2444; x_wconf 90' lang='lat' dir='ltr'><strong>emptore</strong></span> <span class='ocrx_word' id='word_1_203' title='bbox 481 2382 549 2424; x_wconf 92' lang='lat' dir='ltr'><strong>esse</strong></span> <span class='ocrx_word' id='word_1_204' title='bbox 570 2365 752 2424; x_wconf 89' lang='lat' dir='ltr'><strong>arbitrantur.</strong></span> <span class='ocrx_word' id='word_1_205' title='bbox 777 2365 845 2424; x_wconf 92' lang='lat' dir='ltr'><strong>nibil</strong></span> <span class='ocrx_word' id='word_1_206' title='bbox 861 2375 920 2424; x_wconf 87' lang='lat' dir='ltr'><strong>est.</strong></span> <span class='ocrx_word' id='word_1_207' title='bbox 946 2365 1048 2426; x_wconf 86' lang='lat' dir='ltr'><strong>damno</strong></span> <span class='ocrx_word' id='word_1_208' title='bbox 1069 2366 1169 2424; x_wconf 78' lang='lat' dir='ltr'><strong>eiusra</strong></span> 
     </span>
     <span class='ocr_line' id='line_1_27' title="bbox 133 2446 1136 2528; baseline -0.003 -17"><span class='ocrx_word' id='word_1_209' title='bbox 133 2452 266 2511; x_wconf 91' lang='lat' dir='ltr'><strong>desertus</strong></span> <span class='ocrx_word' id='word_1_210' title='bbox 281 2469 362 2528; x_wconf 87' lang='lat' dir='ltr'><strong>ager.</strong></span> <span class='ocrx_word' id='word_1_211' title='bbox 392 2451 490 2527; x_wconf 88' lang='lat' dir='ltr'><strong>itaque</strong></span> <span class='ocrx_word' id='word_1_212' title='bbox 506 2446 578 2508; x_wconf 83' lang='lat' dir='ltr'><strong>Cato</strong></span> <span class='ocrx_word' id='word_1_213' title='bbox 594 2447 723 2508; x_wconf 92' lang='lat' dir='ltr'><strong>debono</strong></span> <span class='ocrx_word' id='word_1_214' title='bbox 742 2449 856 2508; x_wconf 92' lang='lat' dir='ltr'><strong>domino</strong></span> <span class='ocrx_word' id='word_1_215' title='bbox 872 2448 975 2508; x_wconf 87' lang='lat' dir='ltr'><strong>melius</strong></span> <span class='ocrx_word' id='word_1_216' title='bbox 988 2449 1055 2524; x_wconf 85' lang='lat' dir='ltr'><strong>emi,</strong></span> <span class='ocrx_word' id='word_1_217' title='bbox 1077 2467 1136 2508; x_wconf 89' lang='lat' dir='ltr'><strong>neo</strong></span> 
     </span>
     <span class='ocr_line' id='line_1_28' title="bbox 132 2530 1134 2612; baseline -0.002 -19"><span class='ocrx_word' id='word_1_218' title='bbox 132 2544 241 2593; x_wconf 91' lang='lat' dir='ltr'><strong>temere</strong></span> <span class='ocrx_word' id='word_1_219' title='bbox 265 2533 502 2594; x_wconf 84' lang='lat' dir='ltr'><strong>contemnendam</strong></span> <span class='ocrx_word' id='word_1_220' title='bbox 523 2530 645 2591; x_wconf 90' lang='lat' dir='ltr'><strong>alienam</strong></span> <span class='ocrx_word' id='word_1_221' title='bbox 661 2532 857 2610; x_wconf 80' lang='lat' dir='ltr'><strong>disciplinam,</strong></span> <span class='ocrx_word' id='word_1_222' title='bbox 886 2550 1017 2612; x_wconf 86' lang='lat' dir='ltr'><strong>agroque</strong></span> <span class='ocrx_word' id='word_1_223' title='bbox 1032 2541 1063 2591; x_wconf 91' lang='lat' dir='ltr'><strong>ut</strong></span> <span class='ocrx_word' id='word_1_224' title='bbox 1082 2532 1134 2592; x_wconf 92' lang='lat' dir='ltr'><strong>ho-</strong></span> 
     </span>
     <span class='ocr_line' id='line_1_29' title="bbox 132 2617 1134 2697; baseline -0.003 -21"><span class='ocrx_word' id='word_1_225' title='bbox 132 2619 215 2691; x_wconf 91' lang='lat' dir='ltr'><strong>mini,</strong></span> <span class='ocrx_word' id='word_1_226' title='bbox 238 2618 367 2694; x_wconf 91' lang='lat' dir='ltr'><strong>quamvis</strong></span> <span class='ocrx_word' id='word_1_227' title='bbox 380 2626 573 2697; x_wconf 87' lang='lat' dir='ltr'><strong>quaestuosus</strong></span> <span class='ocrx_word' id='word_1_228' title='bbox 589 2618 642 2691; x_wconf 89' lang='lat' dir='ltr'><strong>sit,</strong></span> <span class='ocrx_word' id='word_1_229' title='bbox 664 2617 689 2674; x_wconf 92' lang='lat' dir='ltr'><strong>si</strong></span> <span class='ocrx_word' id='word_1_230' title='bbox 704 2625 799 2676; x_wconf 83' lang='lat' dir='ltr'><strong>tamen</strong></span> <span class='ocrx_word' id='word_1_231' title='bbox 815 2626 844 2675; x_wconf 87' lang='lat' dir='ltr'><strong>et</strong></span> <span class='ocrx_word' id='word_1_232' title='bbox 859 2626 1056 2695; x_wconf 90' lang='lat' dir='ltr'><strong>sumptuosus,</strong></span> <span class='ocrx_word' id='word_1_233' title='bbox 1076 2633 1134 2675; x_wconf 95' lang='lat' dir='ltr'><strong>non</strong></span> 
     </span>
     <span class='ocr_line' id='line_1_30' title="bbox 89 2699 1134 2779; baseline -0.007 -14"><span class='ocrx_word' id='word_1_234' title='bbox 89 2710 125 2765; x_wconf 71' lang='lat'><strong>29</strong></span> <span class='ocrx_word' id='word_1_235' title='bbox 135 2700 252 2759; x_wconf 91' lang='lat' dir='ltr'><strong>multum</strong></span> <span class='ocrx_word' id='word_1_236' title='bbox 269 2719 437 2779; x_wconf 86' lang='lat' dir='ltr'><strong>superesse.</strong></span> <span class='ocrx_word' id='word_1_237' title='bbox 472 2700 522 2759; x_wconf 91' lang='lat' dir='ltr'><strong>ille</strong></span> <span class='ocrx_word' id='word_1_238' title='bbox 540 2701 568 2758; x_wconf 94' lang='lat' dir='ltr'><strong>in</strong></span> <span class='ocrx_word' id='word_1_239' title='bbox 584 2717 656 2776; x_wconf 90' lang='lat' dir='ltr'><strong>agro</strong></span> <span class='ocrx_word' id='word_1_240' title='bbox 672 2701 956 2778; x_wconf 87' lang='lat' dir='ltr'><strong>quaestuosissimam</strong></span> <span class='ocrx_word' id='word_1_241' title='bbox 972 2699 1078 2759; x_wconf 91' lang='lat' dir='ltr'><strong>iudicat</strong></span> <span class='ocrx_word' id='word_1_242' title='bbox 1091 2700 1134 2758; x_wconf 92' lang='lat' dir='ltr'><strong>vi·</strong></span> 
     </span>
     <span class='ocr_line' id='line_1_31' title="bbox 131 2784 1170 2863; baseline -0.007 -18"><span class='ocrx_word' id='word_1_243' title='bbox 131 2795 238 2845; x_wconf 91' lang='lat' dir='ltr'><strong>tem—</strong></span> <span class='ocrx_word' id='word_1_244' title='bbox 249 2801 306 2843; x_wconf 92' lang='lat' dir='ltr'><strong>non</strong></span> <span class='ocrx_word' id='word_1_245' title='bbox 323 2784 446 2859; x_wconf 85' lang='lat' dir='ltr'><strong>frustra,</strong></span> <span class='ocrx_word' id='word_1_246' title='bbox 466 2785 598 2861; x_wconf 86' lang='lat' dir='ltr'><strong>quoniam</strong></span> <span class='ocrx_word' id='word_1_247' title='bbox 614 2792 680 2843; x_wconf 88' lang='lat' dir='ltr'><strong>ante</strong></span> <span class='ocrx_word' id='word_1_248' title='bbox 700 2784 794 2843; x_wconf 91' lang='lat' dir='ltr'><strong>omnia</strong></span> <span class='ocrx_word' id='word_1_249' title='bbox 809 2784 847 2843; x_wconf 92' lang='lat' dir='ltr'><strong>de</strong></span> <span class='ocrx_word' id='word_1_250' title='bbox 862 2786 1001 2863; x_wconf 91' lang='lat' dir='ltr'><strong>inpensae</strong></span> <span class='ocrx_word' id='word_1_251' title='bbox 1022 2785 1170 2843; x_wconf 81' lang='lat' dir='ltr'><strong>rationem</strong></span> 
     </span>
     <span class='ocr_line' id='line_1_32' title="bbox 134 2866 1135 2948; baseline -0.004 -19"><span class='ocrx_word' id='word_1_252' title='bbox 134 2872 209 2930; x_wconf 89' lang='lat' dir='ltr'><strong>cavit</strong></span> <span class='ocrx_word' id='word_1_253' title='bbox 221 2902 274 2945; x_wconf 85' lang='lat'><strong>-,</strong></span> <span class='ocrx_word' id='word_1_254' title='bbox 297 2885 438 2948; x_wconf 85' lang='lat' dir='ltr'><strong>proxume</strong></span> <span class='ocrx_word' id='word_1_255' title='bbox 459 2866 560 2925; x_wconf 91' lang='lat' dir='ltr'><strong>bortos</strong></span> <span class='ocrx_word' id='word_1_256' title='bbox 573 2867 673 2943; x_wconf 87' lang='lat' dir='ltr'><strong>riguos</strong></span> <span class='ocrx_word' id='word_1_257' title='bbox 691 2901 733 2913; x_wconf 81' lang='lat'><strong>—·</strong></span> <span class='ocrx_word' id='word_1_258' title='bbox 749 2885 806 2926; x_wconf 88' lang='lat' dir='ltr'><strong>nec</strong></span> <span class='ocrx_word' id='word_1_259' title='bbox 820 2868 849 2927; x_wconf 94' lang='lat' dir='ltr'><strong>id</strong></span> <span class='ocrx_word' id='word_1_260' title='bbox 866 2867 952 2944; x_wconf 84' lang='lat' dir='ltr'><strong>falso,</strong></span> <span class='ocrx_word' id='word_1_261' title='bbox 971 2869 995 2927; x_wconf 89' lang='lat' dir='ltr'><strong>si</strong></span> <span class='ocrx_word' id='word_1_262' title='bbox 1011 2867 1065 2926; x_wconf 91' lang='lat' dir='ltr'><strong>sub</strong></span> <span class='ocrx_word' id='word_1_263' title='bbox 1083 2884 1135 2946; x_wconf 94' lang='lat' dir='ltr'><strong>op·</strong></span> 
     </span>
     <span class='ocr_line' id='line_1_33' title="bbox 132 2948 1134 3030; baseline -0.003 -18"><span class='ocrx_word' id='word_1_264' title='bbox 132 2953 199 3030; x_wconf 90' lang='lat' dir='ltr'><strong>pido</strong></span> <span class='ocrx_word' id='word_1_265' title='bbox 216 2955 272 3012; x_wconf 92' lang='lat' dir='ltr'><strong>sint</strong></span> <span class='ocrx_word' id='word_1_266' title='bbox 288 2987 345 3026; x_wconf 88' lang='lat'><strong>—,</strong></span> <span class='ocrx_word' id='word_1_267' title='bbox 359 2960 398 3010; x_wconf 68' lang='lat' dir='ltr'><strong>&#39;et</strong></span> <span class='ocrx_word' id='word_1_268' title='bbox 420 2959 501 3029; x_wconf 88' lang='lat' dir='ltr'><strong>prata</strong></span> <span class='ocrx_word' id='word_1_269' title='bbox 516 2950 624 3026; x_wconf 85' lang='lat' dir='ltr'><strong>antiqui</strong></span> <span class='ocrx_word' id='word_1_270' title='bbox 641 2959 741 3028; x_wconf 87' lang='lat' dir='ltr'><strong>parata</strong></span> <span class='ocrx_word' id='word_1_271' title='bbox 759 2952 879 3028; x_wconf 81' lang='lat' dir='ltr'><strong>dixere,</strong></span> <span class='ocrx_word' id='word_1_272' title='bbox 908 2951 1043 3029; x_wconf 90' lang='lat' dir='ltr'><strong>idemque</strong></span> <span class='ocrx_word' id='word_1_273' title='bbox 1061 2948 1134 3010; x_wconf 84' lang='lat' dir='ltr'><strong>Cato</strong></span> 
     </span>
     <span class='ocr_line' id='line_1_34' title="bbox 131 3034 1134 3115; baseline 0.001 -23"><span class='ocrx_word' id='word_1_274' title='bbox 131 3037 341 3113; x_wconf 88' lang='lat' dir='ltr'><strong>interrogatus,</strong></span> <span class='ocrx_word' id='word_1_275' title='bbox 371 3036 435 3114; x_wconf 92' lang='lat' dir='ltr'><strong>quis</strong></span> <span class='ocrx_word' id='word_1_276' title='bbox 457 3043 538 3095; x_wconf 91' lang='lat' dir='ltr'><strong>esset</strong></span> <span class='ocrx_word' id='word_1_277' title='bbox 568 3034 746 3094; x_wconf 86' lang='lat' dir='ltr'><strong>certissimus</strong></span> <span class='ocrx_word' id='word_1_278' title='bbox 777 3044 932 3113; x_wconf 89' lang='lat' dir='ltr'><strong>quaestus,</strong></span> <span class='ocrx_word' id='word_1_279' title='bbox 964 3035 1134 3115; x_wconf 90' lang='lat' dir='ltr'><strong>respondit:</strong></span> 
     </span>
     <span class='ocr_line' id='line_1_35' title="bbox 89 3115 1135 3197; baseline -0.006 -15"><span class='ocrx_word' id='word_1_280' title='bbox 89 3119 164 3182; x_wconf 67' lang='lat' dir='ltr'><strong>bosi</strong></span> <span class='ocrx_word' id='word_1_281' title='bbox 186 3119 279 3178; x_wconf 91' lang='lat' dir='ltr'><strong>bene</strong></span> <span class='ocrx_word' id='word_1_282' title='bbox 302 3137 453 3197; x_wconf 88' lang='lat' dir='ltr'><strong>pascas,</strong></span> <span class='ocrx_word' id='word_1_283' title='bbox 486 3119 534 3197; x_wconf 91' lang='lat' dir='ltr'><strong>qui</strong></span> <span class='ocrx_word' id='word_1_284' title='bbox 550 3115 728 3196; x_wconf 74' lang='lat' dir='ltr'><strong>proxumus?</strong></span> <span class='ocrx_word' id='word_1_285' title='bbox 757 3121 788 3178; x_wconf 87' lang='lat' dir='ltr'><strong>si</strong></span> <span class='ocrx_word' id='word_1_286' title='bbox 807 3128 864 3179; x_wconf 88' lang='lat' dir='ltr'><strong>sat</strong></span> <span class='ocrx_word' id='word_1_287' title='bbox 883 3117 985 3178; x_wconf 87' lang='lat' dir='ltr'><strong>bene.</strong></span> <span class='ocrx_word' id='word_1_288' title='bbox 1019 3121 1135 3179; x_wconf 86' lang='lat' dir='ltr'><strong>Summa</strong></span> 
     </span>
     <span class='ocr_line' id='line_1_36' title="bbox 133 3201 1170 3282; baseline -0.001 -22"><span class='ocrx_word' id='word_1_289' title='bbox 133 3203 255 3261; x_wconf 91' lang='lat' dir='ltr'><strong>omnium</strong></span> <span class='ocrx_word' id='word_1_290' title='bbox 268 3205 296 3261; x_wconf 93' lang='lat' dir='ltr'><strong>in</strong></span> <span class='ocrx_word' id='word_1_291' title='bbox 312 3203 369 3262; x_wconf 90' lang='lat' dir='ltr'><strong>boc</strong></span> <span class='ocrx_word' id='word_1_292' title='bbox 386 3201 546 3282; x_wconf 87' lang='lat' dir='ltr'><strong>spectando</strong></span> <span class='ocrx_word' id='word_1_293' title='bbox 561 3201 613 3261; x_wconf 84' lang='lat' dir='ltr'><strong>fuit</strong></span> <span class='ocrx_word' id='word_1_294' title='bbox 627 3212 658 3263; x_wconf 89' lang='lat' dir='ltr'><strong>ut</strong></span> <span class='ocrx_word' id='word_1_295' title='bbox 677 3203 787 3263; x_wconf 80' lang='lat' dir='ltr'><strong>fructus</strong></span> <span class='ocrx_word' id='word_1_296' title='bbox 801 3204 826 3261; x_wconf 91' lang='lat' dir='ltr'><strong>is</strong></span> <span class='ocrx_word' id='word_1_297' title='bbox 842 3220 976 3264; x_wconf 82' lang='lat' dir='ltr'><strong>maxume</strong></span> <span class='ocrx_word' id='word_1_298' title='bbox 993 3202 1132 3281; x_wconf 90' lang='lat' dir='ltr'><strong>probare·</strong></span> <span class='ocrx_word' id='word_1_299' title='bbox 1143 3217 1170 3259; x_wconf 82' lang='lat' dir='ltr'><strong>as</strong></span> 
     </span>
     <span class='ocr_line' id='line_1_37' title="bbox 131 3285 1133 3365; baseline -0.002 -19"><span class='ocrx_word' id='word_1_300' title='bbox 131 3296 176 3346; x_wconf 91' lang='lat' dir='ltr'><strong>tur</strong></span> <span class='ocrx_word' id='word_1_301' title='bbox 192 3287 240 3365; x_wconf 91' lang='lat' dir='ltr'><strong>qui</strong></span> <span class='ocrx_word' id='word_1_302' title='bbox 256 3303 339 3364; x_wconf 90' lang='lat' dir='ltr'><strong>quam</strong></span> <span class='ocrx_word' id='word_1_303' title='bbox 354 3288 478 3346; x_wconf 87' lang='lat' dir='ltr'><strong>minuma</strong></span> <span class='ocrx_word' id='word_1_304' title='bbox 493 3287 629 3364; x_wconf 91' lang='lat' dir='ltr'><strong>inpendio</strong></span> <span class='ocrx_word' id='word_1_305' title='bbox 646 3294 827 3346; x_wconf 83' lang='lat' dir='ltr'><strong>constaturus</strong></span> <span class='ocrx_word' id='word_1_306' title='bbox 843 3296 932 3346; x_wconf 90' lang='lat' dir='ltr'><strong>esset.</strong></span> <span class='ocrx_word' id='word_1_307' title='bbox 963 3287 1021 3346; x_wconf 89' lang='lat' dir='ltr'><strong>hoo</strong></span> <span class='ocrx_word' id='word_1_308' title='bbox 1036 3305 1074 3346; x_wconf 86' lang='lat' dir='ltr'><strong>ex</strong></span> <span class='ocrx_word' id='word_1_309' title='bbox 1090 3285 1133 3344; x_wconf 95' lang='lat' dir='ltr'><strong>lo·</strong></span> 
     </span>
     <span class='ocr_line' id='line_1_38' title="bbox 133 3369 1134 3450; baseline -0.001 -21"><span class='ocrx_word' id='word_1_310' title='bbox 133 3387 233 3430; x_wconf 90' lang='lat' dir='ltr'><strong>corum</strong></span> <span class='ocrx_word' id='word_1_311' title='bbox 251 3371 405 3430; x_wconf 86' lang='lat' dir='ltr'><strong>occasione</strong></span> <span class='ocrx_word' id='word_1_312' title='bbox 423 3370 509 3430; x_wconf 89' lang='lat' dir='ltr'><strong>aliter</strong></span> <span class='ocrx_word' id='word_1_313' title='bbox 524 3370 592 3430; x_wconf 91' lang='lat' dir='ltr'><strong>alibi</strong></span> <span class='ocrx_word' id='word_1_314' title='bbox 607 3369 790 3446; x_wconf 89' lang='lat' dir='ltr'><strong>decernitur,</strong></span> <span class='ocrx_word' id='word_1_315' title='bbox 820 3371 983 3450; x_wconf 90' lang='lat' dir='ltr'><strong>eodemque</strong></span> <span class='ocrx_word' id='word_1_316' title='bbox 1006 3371 1134 3448; x_wconf 86' lang='lat' dir='ltr'><strong>pertinet</strong></span> 
     </span>
     <span class='ocr_line' id='line_1_39' title="bbox 79 3453 1134 3533; baseline 0 -22"><span class='ocrx_word' id='word_1_317' title='bbox 79 3460 119 3512; x_wconf 74' lang='lat'><strong>31</strong></span> <span class='ocrx_word' id='word_1_318' title='bbox 127 3455 210 3529; x_wconf 85' lang='lat' dir='ltr'><strong>quod</strong></span> <span class='ocrx_word' id='word_1_319' title='bbox 236 3455 397 3531; x_wconf 83' lang='lat' dir='ltr'><strong>agricolam</strong></span> <span class='ocrx_word' id='word_1_320' title='bbox 416 3454 577 3516; x_wconf 82' lang='lat' dir='ltr'><strong>vendacem</strong></span> <span class='ocrx_word' id='word_1_321' title='bbox 605 3473 673 3514; x_wconf 89' lang='lat' dir='ltr'><strong>esse</strong></span> <span class='ocrx_word' id='word_1_322' title='bbox 692 3461 833 3533; x_wconf 85' lang='lat' dir='ltr'><strong>oportere</strong></span> <span class='ocrx_word' id='word_1_323' title='bbox 850 3455 930 3515; x_wconf 89' lang='lat' dir='ltr'><strong>dixit.</strong></span> <span class='ocrx_word' id='word_1_324' title='bbox 970 3453 1087 3513; x_wconf 79' lang='lat' dir='ltr'><strong>fundum</strong></span> <span class='ocrx_word' id='word_1_325' title='bbox 1105 3454 1134 3512; x_wconf 93' lang='lat' dir='ltr'><strong>in</strong></span> 
     </span>
    </p>
   </div>
   <div class='ocr_carea' id='block_1_3' title="bbox 0 0 1222 3840">
    <p class='ocr_par' dir='ltr' id='par_1_7' title="bbox 0 0 1222 3840">
     <span class='ocr_line' id='line_1_40' title="bbox 0 0 1222 3840; baseline 0 0"><span class='ocrx_word' id='word_1_326' title='bbox 0 0 1222 3840; x_wconf 95' lang='lat' dir='ltr'><strong> </strong></span> 
     </span>
    </p>
   </div>
  </div>
 </body>
</html>
