2422 3840
213 204 216 215 ·
300 206 380 253 unu.
397 205 488 254 cusu.
502 206 587 254 xvn.
605 203 722 257 15-18.
740 194 892 272 (to-29.)
1051 197 1091 257 67

99 358 247 418 insitorum
259 361 381 418 omnium
394 359 506 419 ducitur
517 359 659 437 platanus,
676 369 780 438 postea
792 359 891 436 robur,
904 379 1002 420 verum
1014 370 1089 421 utra·

99 459 156 519 quc
173 459 296 519 sapores
312 445 477 521 corrumpit.
507 442 645 519 quaedam
660 444 734 502 omni
750 460 860 519 genere
873 445 1044 521 inseruntur,
1060 454 1091 504 ut

99 525 181 598 licus,
190 533 220 583 ut
231 526 361 601 punicae.
377 527 443 586 vitis
456 543 512 585 non
520 526 624 602 recipit
635 519 801 604 emplastri,
812 545 866 586 nec
879 527 981 605 quibus
998 530 1089 587 tenuis

100 616 147 666 aut
166 606 290 667 caducus
304 611 486 687 rimosusque
505 617 623 684 cortex,
643 627 737 687 neque
752 609 973 670 inoculationem
991 614 1088 671 siccae

75 699 146 754 saut
167 692 275 750 umoris
298 694 404 768 exigui.
444 692 620 752 fertilissima
642 694 764 753 omniurn
791 692 962 768 inoculatio,
985 704 1088 771 postea

99 775 306 852 emplastratio,
323 776 375 834 sed
391 784 510 854 utraque
525 775 723 834 infirmissima.
751 783 779 834 ct
791 793 865 854 quae
878 778 987 834 cortice
1000 779 1088 835 nitun-

97 867 143 917 tur
157 866 263 918 tautum
278 857 327 917 vel
343 858 400 916 levi
418 875 486 918 aura
505 860 640 918 ocissime
656 858 865 936 deplantantur.
897 859 1027 917 inserere
1043 859 1088 925 iir-

96 942 251 1000 missimum
269 950 298 1001 et
312 939 462 1000 fecundius
480 959 563 1019 quam
581 959 690 1001 serere.

158 1026 206 1084 17.
234 1022 300 1083 Non
314 1033 358 1084 est
372 1025 527 1084 omittenda
542 1025 644 1084 raritas
659 1026 741 1084 unius
755 1025 890 1102 exempli.
922 1021 1068 1082 Corellius
1081 1034 1130 1086 122

61 1130 87 1171 10
98 1126 189 1185 eques
197 1107 341 1167 Romanus
354 1107 456 1168 Ateste
468 1109 580 1185 genitus
592 1109 697 1167 insevit
710 1118 872 1168 castaneam
884 1107 1088 1183 suometipsam

96 1191 213 1250 surculo
228 1193 257 1250 in
272 1190 465 1269 Neapolitano
481 1208 562 1268 agro.
594 1193 636 1250 sic
654 1190 731 1250 iacta
749 1199 794 1250 cst
810 1199 944 1250 castanea
963 1207 1035 1267 quae
1052 1189 1088 1249 ab

97 1290 133 1332 eo
155 1290 260 1333 nomen
281 1275 395 1351 accepit
415 1276 489 1334 inter
504 1274 643 1333 laudatas.
678 1284 781 1351 postea
802 1273 936 1332 Etereius
960 1273 1086 1332 eiusdem

96 1355 217 1416 libertus
233 1354 426 1415 Corellianam
448 1359 549 1416 iterum
570 1358 683 1415 insevit.
714 1357 787 1416 baec
808 1366 853 1414 est
872 1358 946 1416 inter
966 1373 1016 1415 eas
1035 1357 1086 1416 dii·

96 1438 235 1498 ferentia:
250 1438 300 1498 illa
316 1440 475 1515 copiosior,
491 1440 565 1498 haec
579 1438 734 1499 Etereiana
748 1438 860 1498 melior.

62 1548 87 1587 15
157 1520 240 1598 (27.)
272 1519 395 1596 Reliqua
410 1538 520 1595 genera
536 1537 619 1579 casus
636 1521 752 1595 ingenio
771 1537 823 1578 suo
840 1522 1016 1596 excogitavit
1033 1538 1067 1578 ac
1080 1529 1129 1584 123

98 1602 245 1662 deiractos
259 1620 360 1661 serere
376 1619 471 1661 ramos
485 1602 592 1675 docuit,
609 1619 671 1660 cum
687 1603 744 1680 pali
760 1602 846 1662 defixi
861 1604 975 1662 radices
992 1604 1086 1680 cepis-

98 1692 171 1743 sent.
205 1686 292 1744 multa
309 1687 352 1744 sic
367 1694 500 1744 seruntur
514 1685 700 1762 inprimisque
714 1685 786 1744 ficus
802 1685 931 1744 omnibus
948 1685 1010 1745 aliis
1027 1703 1085 1744 nro-

96 1768 140 1826 dis
158 1784 280 1827 nascens
296 1776 498 1845 praeterquam
513 1769 606 1843 talea,
630 1777 745 1846 optume
762 1768 891 1846 quidem,
916 1770 941 1828 si
959 1771 1086 1828 vastiore

94 1867 174 1909 ramo
190 1851 247 1928 pali
264 1850 349 1910 modo
368 1861 491 1911 exacuto
508 1852 638 1928 adigatur
660 1852 734 1927 alte,
757 1853 863 1928 exiguo
877 1870 966 1931 super
982 1862 1086 1911 terram

57 1934 198 1995 abrelicto
220 1935 314 2011 capite
337 1952 432 2012 eoque
453 1936 517 2012 ipso
538 1934 645 1995 harena
667 1944 820 2013 cooperto.
853 1953 933 1994 ramo
953 1944 1086 1994 seruntur

94 2026 123 2075 et
139 2018 260 2094 punica,
282 2017 356 2094 palis
378 2018 475 2077 laxato
497 2019 576 2095 prius
597 2027 709 2093 meatu,
731 2020 799 2077 item
816 2028 940 2094 myrtus,
964 2020 1086 2093 omnium

93 2100 193 2158 horum
206 2099 383 2174 longitudine
396 2103 478 2160 trium
490 2101 604 2177 pedum,
616 2101 806 2160 crassitudine
817 2100 1084 2176 minusbraccbiali,

94 2183 204 2241 cortice
220 2181 375 2256 diligenter
389 2191 515 2254 servato,
531 2190 632 2240 trunco
650 2192 784 2242 exacuto.

156 2263 239 2342 (28.)
273 2261 383 2337 Myrtus
408 2272 437 2322 et
464 2265 548 2324 taleis
573 2265 695 2338 seritur,
721 2282 818 2323 morus
842 2265 919 2323 talea
945 2274 1060 2338 tantum,
1077 2276 1128 2328 124

55 2370 81 2409 us
93 2348 225 2427 quoniam
240 2348 269 2405 in
285 2346 360 2405 ulmo
377 2365 438 2406 eam
457 2348 544 2406 inseri
560 2346 666 2422 religio
682 2346 825 2423 fulgurum
839 2346 983 2425 prohibet.
1018 2365 1084 2424 qua·

93 2439 214 2508 propter
230 2429 267 2489 de
282 2429 420 2489 talearum
441 2439 504 2489 satu
520 2448 593 2489 nunc
609 2430 761 2490 dicendum
778 2438 832 2489 est.
865 2429 1042 2489 Servandum
1056 2431 1083 2488 in
1139 2504 1146 2509 ·

93 2531 128 2572 eo
152 2522 218 2573 ante
240 2515 333 2572 omnia
350 2521 390 2572 ut
411 2513 505 2573 taleae
535 2532 572 2572 ex
593 2513 739 2572 feracibus
763 2514 830 2573 liant
854 2513 1022 2588 arboribus,
1049 2530 1085 2571 ne

93 2614 214 2671 curvae,
239 2614 314 2656 neve
332 2596 453 2656 scabrae
470 2605 517 2655 aut
537 2596 684 2671 bifurcae,
703 2614 777 2656 neve
792 2599 939 2656 tenuiores
956 2614 1039 2673 quam
1055 2606 1085 2655 ut
1158 2603 1164 2612 '

92 2696 202 2737 manum
224 2679 366 2756 inpleant,
389 2698 425 2738 uc
447 2681 573 2739 minores
590 2678 758 2757 pedalibus,
780 2689 810 2740 ut
833 2680 950 2740 inlibato
975 2681 1084 2739 cortice

55 2783 82 2824 ao
93 2771 178 2839 atque
194 2771 224 2821 ut
237 2771 355 2822 sectura
368 2763 487 2822 inferior
502 2772 624 2842 ponatur
640 2780 756 2842 semper
774 2772 803 2823 et
825 2764 901 2842 quod
919 2763 973 2822 erit
988 2762 1024 2822 ab
1039 2781 1082 2822 ra·

91 2847 172 2920 dice,
190 2844 446 2925 adcumuleturque
464 2848 635 2924 germinatio
651 2855 746 2922 terra,
772 2848 866 2907 donec
881 2846 971 2906 robur
988 2846 1084 2923 planta

91 2931 193 3008 capiat.

153 3014 201 3076 18.
226 3013 311 3091 (29.)
334 3012 416 3085 Quae
433 3013 621 3090 custodienda
636 3016 663 3072 in
679 3015 807 3074 olearum
823 3032 891 3073 cura
905 3010 977 3072 Cato
993 3012 1062 3072 iudi·
1077 3023 1125 3075 125

91 3099 199 3157 caverit
215 3098 306 3176 ipsius
322 3096 420 3155 verbis
437 3098 797 3175 optumepraecipiemus:
820 3096 956 3156 Taleas
980 3097 1082 3156 olea·

54 3183 219 3256 asgineas
247 3198 336 3260 quas
362 3181 396 3239 in
416 3179 552 3240 scrobe
573 3188 721 3238 saturus
742 3181 821 3239 eris
845 3180 1082 3258 tripedaneas

89 3264 225 3339 facito,
242 3265 525 3341 diligenterque
546 3271 727 3339 tractato,
743 3282 786 3322 ne
804 3262 902 3322 liber
918 3262 1080 3336 laboret,

90 3364 167 3405 cum
190 3346 342 3407 dolabis
363 3357 424 3407 aut
452 3345 612 3406 secabis.
644 3363 733 3422 quas
754 3349 787 3405 in
807 3346 1004 3405 seminario
1025 3362 1081 3401 sa·

88 3430 589 3508 turuserispedalisiacito.
622 3430 950 3563 eassicinseritqff.
974 3426 1091 3482 inens
