2400 3846
123 179 164 240 56
445 189 475 237 c.
491 191 587 237 earm
603 189 752 238 suounur

123 346 248 406 veniunt.
279 363 334 403 nee
350 345 486 422 pauciora
504 360 597 421 prope
613 352 678 402 sunt
691 361 811 421 genera.
843 352 898 402 tam
919 343 1045 419 benigne
1069 362 1119 404 na·

123 439 205 489 turae
230 430 350 504 gratiam
375 427 534 486 retulimus.
572 435 620 485 aut
643 427 718 485 enim
741 427 850 485 semiue
877 428 1050 505 proveniunt
1072 437 1120 487 aut

123 513 229 591 plantis
247 511 351 571 radicis
375 519 421 569 aut
440 510 601 588 propagine
622 518 669 569 aut
690 509 841 569 avolsione
863 518 910 569 aut
931 511 1049 569 surculo
1072 519 1119 569 aut

124 597 208 654 insito
224 595 252 653 in
268 603 407 653 consecto
423 593 536 653 arboris
550 601 661 652 trunco.
690 611 755 652 nam
775 593 845 652 folia
866 593 1022 670 palmarum
1043 594 1119 671 apud

123 678 300 753 Babylonios
316 679 374 737 seri
395 688 481 754 atque
503 677 541 737 ita
558 676 691 736 arborem
712 678 866 755 provenire
882 676 1010 752 Trogum
1025 676 1141 742 credi-5

124 763 201 822 disse
217 762 350 821 demiror.
382 761 522 840 quaedam
538 769 633 819 autem
653 758 782 838 pluribus
803 760 958 836 generibus
974 769 1117 834 seruntur,

125 845 263 923 quaedam
279 844 419 904 omnibus.
880 858 883 864 ·

81 938 116 993 59
190 929 273 1007 (10.)
296 928 341 987 Ae
357 928 498 1006 pleraque
514 945 552 985 ex
566 926 611 986 his
628 935 727 986 natura
741 929 804 1005 ipsa
819 927 917 986 docuit
932 935 961 984 et
976 927 1004 984 in
1020 926 1119 1003 primis

124 1031 223 1072 semen
238 1030 354 1086 serere,
380 1028 442 1069 eum
464 1010 601 1070 decidens
620 1019 832 1088 exceptumque
850 1019 928 1069 terra
942 1010 1117 1075 vivesceret.

125 1094 177 1155 sed
193 1096 331 1173 quaedam
346 1111 403 1153 uon
419 1093 504 1153 aliter
520 1094 706 1170 proveniunt,
722 1103 752 1152 ut
767 1102 938 1169 castaneae,
954 1091 1116 1168 iuglandes,
1129 1114 1154 1154 re

126 1178 242 1238 caeduis
268 1178 413 1238 dumtaxat
434 1177 586 1253 exceptis,
603 1194 619 1234 e
635 1177 743 1235 semine
760 1185 854 1236 autem
876 1193 1046 1254 quamquam
1063 1175 1119 1235 dis·

126 1261 209 1320 simili
232 1279 267 1320 ea
291 1278 407 1339 quoque
426 1278 499 1337 quae
522 1268 551 1317 et
572 1259 636 1318 aliis
656 1259 748 1319 modis
768 1269 918 1331 seruntur,
942 1269 972 1318 ut
995 1260 1070 1318 vites
1092 1267 1121 1317 et

125 1343 199 1404 mala
224 1353 308 1420 atque
332 1346 403 1421 pira.
437 1360 559 1421 namque
575 1341 618 1400 his
640 1359 694 1421 pro
717 1344 825 1402 semiue
850 1342 987 1417 nucleus,
1013 1359 1070 1401 uon
1090 1350 1121 1400 ut

127 1445 214 1504 supra
229 1427 312 1486 dictis
330 1427 440 1486 iructus
456 1429 530 1504 ipse.
562 1435 591 1484 et
612 1427 734 1504 mespila
758 1428 866 1485 semine
886 1426 966 1485 nasci
989 1433 1118 1503 possunt.

127 1514 219 1570 omnia
235 1511 308 1570 haee
332 1511 412 1570 tarda
426 1519 568 1588 proventu
592 1527 626 1568 ac
648 1509 853 1586 degenerantia
877 1519 906 1568 et
926 1510 1010 1568 insito
1035 1510 1118 1568 resti·
1131 1529 1155 1568 ra

124 1594 240 1670 tuenda,
255 1595 395 1654 interdum
413 1595 497 1654 etiam
514 1601 678 1653 castaneae.

83 1688 117 1742 60
189 1678 271 1755 (11.)
295 1677 471 1750 Quibusdam
488 1685 587 1735 natura
604 1685 703 1736 contra
722 1676 835 1735 omnino
851 1693 909 1736 non
924 1675 1120 1752 degenerandi

126 1761 344 1840 quoquomodo
361 1769 503 1834 seruntur,
522 1768 551 1818 ut
567 1761 725 1837 cupressis,
742 1760 856 1837 palmis,
871 1760 968 1819 lauris.
997 1776 1119 1835 namque

85 1843 164 1929 „lig
176 1854 205 1903 et
220 1844 317 1903 laurus
331 1843 460 1921 pluribus
477 1842 570 1901 modis
586 1843 700 1901 seritur.
726 1861 835 1920 genera
852 1845 913 1902 eius
926 1843 1058 1902 diximus.
1083 1861 1120 1900 ex

127 1929 170 1986 his
186 1935 307 2002 augusta
327 1936 356 1985 et
370 1926 480 1985 bacalis
503 1934 532 1986 et
550 1926 625 1985 tinus
648 1926 732 1985 simili
753 1926 839 1985 modo
856 1936 998 1986 seruntur.
1029 1925 1155 1984 baeaeao

126 2028 225 2068 mense
241 2009 372 2068 Ianuario
387 2009 529 2086 aquilonis
544 2008 649 2069 adflatu
661 2011 789 2070 siccatae
805 2010 939 2086 leguntur
953 2009 1118 2088 expandun-

127 2102 229 2171 turque
248 2110 348 2168 rarae,
370 2111 407 2151 ne
429 2092 563 2152 calefiant
584 2110 702 2152 acervo,
738 2102 841 2171 postea
864 2094 977 2170 quidam
999 2093 1065 2151 limo
1084 2092 1119 2150 ad

83 2184 221 2241 elsatam
238 2185 426 2254 praeparatas
442 2178 523 2236 urina
537 2175 739 2237 madefaciunt.
770 2177 818 2236 alii
840 2179 868 2235 in
890 2177 976 2255 qualo
997 2175 1119 2254 pedibus

127 2259 324 2336 inproduente
338 2259 501 2335 deculcant,
511 2261 604 2320 donec
618 2261 764 2321 auferatur
777 2262 859 2320 cutis.
889 2261 997 2338 alioqui
1011 2258 1137 2334 uligine·

126 2344 242 2403 infestat
257 2362 311 2403 nee
326 2346 433 2423 patitur
447 2346 537 2404 nasci.
570 2346 598 2403 in
620 2345 701 2404 sulco
721 2346 899 2423 repastinato
921 2343 1008 2422 palmi
1025 2342 1118 2401 altitu·
1129 2365 1155 2404 25

127 2427 192 2486 dine
207 2429 328 2487 vicenae
345 2427 408 2488 iere
423 2430 577 2487 acervatim
591 2445 691 2486 mense
707 2427 821 2499 Martio,
835 2428 955 2487 eaedem
971 2435 1000 2486 et
1014 2443 1119 2504 propa-

82 2512 194 2586 dtgine
210 2521 353 2586 seruntur,
367 2511 546 2589 triumphalis
561 2511 639 2570 talea
654 2520 769 2570 tantum.
801 2511 886 2586 Myrti
902 2528 1011 2588 genera
1027 2511 1120 2568 omnia

128 2595 155 2650 in
171 2590 324 2670 Campania
341 2594 422 2653 baeis
438 2604 585 2671 seruntur,
610 2593 722 2654 Romae
739 2596 909 2673 propagine.
939 2594 1119 2654 Tarentinam

127 2675 310 2735 Democritus
326 2686 355 2737 et
378 2678 436 2736 alio
456 2677 543 2737 modo
563 2679 622 2737 seri
638 2678 742 2754 docet,
763 2679 961 2754 grandissimis
984 2676 1120 2736 bacarum

127 2759 216 2818 tunsis
234 2758 353 2833 leviter,
369 2778 405 2818 ne
421 2778 511 2836 grana
525 2760 707 2838 frangantur,
723 2778 816 2838 eaque
831 2762 926 2821 intrita
941 2769 1049 2820 restem
1064 2760 1153 2817 cir-ac

128 2841 243 2901 eumlini
256 2851 341 2919 atque
353 2843 392 2902 ita
404 2845 472 2901 seri.
495 2845 634 2921 parietem
649 2844 714 2904 fore
723 2841 755 2880 **
766 2844 929 2920 densitatis,
944 2862 981 2903 ex
994 2859 1051 2922 quo
1063 2843 1120 2900 vir·

126 2924 212 3000 gulae
229 2925 404 2985 differantur.
440 2926 490 2985 Sic
512 2936 542 2987 et
562 2929 661 3005 spinas
679 2928 777 3006 saepis
796 2946 883 2988 eausa
900 2937 999 2987 serunt
1014 2925 1120 2984 tomice

126 3009 214 3066 moris
229 3010 373 3086 spinarum
386 3009 553 3070 circumlita.
583 3009 657 3088 pilas
670 3020 764 3071 autem
775 3011 872 3072 laurus
884 3021 913 3071 et
925 3011 1008 3086 myrti
1024 3009 1120 3086 inopia

83 3097 144 3154 dea
160 3092 270 3150 trimatu
286 3094 488 3171 tempestivam
510 3102 556 3152 est
575 3094 742 3154 transferre.
775 3094 903 3154 Interea
920 3112 994 3173 quae
1011 3093 1120 3152 semine

126 3182 259 3233 seruntur
274 3174 361 3252 Mago
375 3177 403 3234 in
414 3174 535 3236 nucibus
547 3194 691 3255 operosus
706 3187 760 3237 est.
782 3178 961 3254 amygdalam
976 3178 1005 3236 in
1016 3176 1120 3252 argilla
1128 3197 1154 3236 aa

125 3257 206 3317 molli
221 3258 369 3317 meridiem
384 3269 534 3337 spectante
549 3262 607 3320 seri
621 3261 710 3321 iubet.
738 3262 867 3338 gaudere
883 3270 912 3320 et
928 3261 998 3320 dura
1014 3259 1119 3319 calida·

126 3359 182 3417 que
198 3350 286 3416 terra,
302 3343 331 3401 in
346 3343 444 3420 pingui
460 3352 507 3404 aut
523 3344 615 3404 umida
631 3345 703 3404 mori
725 3353 773 3404 aut
790 3344 988 3404 sterilescere.
1019 3360 1118 3402 seren·

125 3423 177 3483 das
194 3443 278 3503 quam
293 3443 425 3485 maxume
438 3427 558 3487 falcatas
580 3436 609 3486 et
634 3447 649 3486 e
671 3426 786 3487 novella
808 3427 934 3505 limoque
955 3427 1044 3487 diluto
1060 3443 1119 3485 ma·
