2422 3840
127 155 188 218 258
480 170 509 217 c.
524 171 620 217 rnnu
637 169 787 219 suenum

128 342 195 384 suas
216 323 353 383 utilitates
378 332 478 382 contra
497 322 682 383 subfusiones
705 325 874 403 oculorum,
898 327 1004 386 urinas.
1040 331 1137 404 magis

128 407 282 467 excalfacit
298 424 382 484 quam
399 423 516 465 crocum
531 409 635 484 ipsum.
670 418 815 487 optumum
830 408 908 485 quod
925 418 1040 486 gustatu
1066 412 1135 471 sali·

127 509 191 566 varn
207 491 358 568 dentisque
372 491 464 565 magis
480 491 577 550 inficit.

85 581 137 636 140
202 571 284 651 (83.)
306 573 360 632 lris
388 574 450 634 rufa
476 575 580 634 melior
607 592 691 652 quam
715 574 846 638 candida.
886 576 1040 637 infantibus
1068 596 1136 637 earn

129 656 321 733 circumligari
338 656 463 716 salutare
481 667 542 734 est,
568 657 759 717 dentientibus
781 661 940 737 praecipue
962 669 991 719 et
1007 663 1160 724 tussiens

127 739 201 799 tibus
230 741 425 800 taeniarumve
453 743 521 801 vitio
552 740 749 802 laborantibus
776 740 917 802 instillari.
965 746 1056 803 ceteri
1092 746 1126 806 ef

127 825 222 883 fectus
239 825 302 882 eius
320 841 378 882 non
393 824 509 884 multum
526 844 542 885 a
557 825 645 885 melle
662 825 805 884 differunt.
838 827 937 887 ulcera
957 838 1061 904 purgat
1087 847 1135 889 ca·

126 909 211 986 pitis,
239 909 400 986 praecipue
425 910 649 987 suppurationes
675 916 804 967 veteres.
841 911 936 969 alvom
957 911 1045 970 solvit
1064 912 1135 974 dua·

127 990 181 1051 bus
197 991 339 1050 drachmis
357 1010 420 1051 cum
436 993 539 1070 melle,
568 994 684 1067 tussim,
705 995 842 1068 tormina,
868 993 1031 1054 inflationes
1052 1004 1134 1072 pota,

86 1085 135 1140 141
147 1075 241 1134 lienes
261 1093 299 1133 ex
319 1084 415 1134 aceto.
456 1083 556 1134 contra
577 1077 754 1153 serpentium
776 1085 805 1135 et
825 1094 996 1137 araneorum
1018 1096 1134 1138 morsus
1145 1100 1169 1142 ro

128 1176 165 1217 ex
181 1175 271 1234 posca
287 1158 379 1232 valet,
405 1167 505 1218 contra
527 1160 700 1236 scorpiones
715 1159 832 1218 duarum
848 1160 1045 1220 drachmarum
1060 1178 1134 1240 pon·

128 1242 197 1302 dere
225 1243 252 1299 in
278 1258 353 1318 pane
375 1242 422 1301 vel
450 1261 523 1320 aqua
546 1244 679 1316 sumitur,
704 1251 805 1302 contra
834 1261 932 1303 canum
960 1261 1074 1303 morsus
1098 1263 1136 1304 ex

127 1325 194 1384 oleo
212 1325 356 1402 inponitur
372 1334 401 1384 et
417 1335 516 1385 contra
531 1327 745 1404 perfrictiones.
776 1327 819 1386 sic
835 1336 864 1385 et
880 1345 1033 1386 nervorum
1049 1329 1133 1388 dolo·

127 1407 222 1483 ribus,
246 1407 348 1467 lumbis
364 1426 437 1468 vero
454 1419 483 1468 et
501 1409 709 1470 coxendicibus
725 1427 788 1468 curn
803 1413 899 1470 resina
920 1411 1054 1470 inlinitur.
1089 1413 1134 1470 vis

127 1494 154 1552 ei
177 1492 413 1552 concalfactoria.
446 1493 563 1552 naribus
586 1492 727 1552 subducta
749 1502 944 1554 sternumenta
964 1504 1063 1553 movet
1087 1513 1170 1555 ca-rs

86 1585 136 1639 142
148 1586 256 1654 putque
276 1584 389 1653 purgat.
424 1575 517 1636 dolori
536 1577 637 1655 capitis
655 1594 718 1635 cum
735 1580 867 1637 cotoneis
887 1578 968 1637 malis
989 1587 1037 1637 aut
1057 1588 1134 1639 stru·

127 1660 200 1719 theis
218 1659 352 1719 inlinitur.
389 1660 522 1738 crapulas
537 1677 653 1737 quoque
669 1669 698 1719 et
712 1660 910 1740 orthopnoeas
927 1662 1050 1721 discutit.
1081 1679 1135 1721 vo·

127 1745 259 1802 mitiones
284 1742 479 1822 ciet‘duohus
505 1742 601 1802 obolis
631 1752 752 1822 sumpta.
785 1761 853 1804 ossa
879 1745 970 1804 fracta
997 1745 1135 1821 extrahit,

127 1829 250 1905 inposita
274 1844 336 1884 cum
357 1826 455 1887 melle.
495 1826 531 1886 ad
551 1828 728 1904 paronychia
749 1827 840 1888 farina
861 1830 922 1886 eius
945 1836 1078 1903 utuntur,
1107 1830 1136 1886 in

126 1912 193 1969 vino
210 1909 245 1970 ad
262 1910 362 1968 clavos
378 1918 407 1968 et
422 1928 577 1985 verrucas,
601 1910 754 1989 triduoque
775 1928 832 1969 non
853 1911 984 1970 solvitur.
1024 1911 1168 1970 halitusao

127 1995 187 2053 oris
204 1994 428 2053 conmanducata
445 1993 544 2053 abolet
558 1993 725 2071 alarumque
740 1995 818 2053 vitia.
850 2010 921 2053 suco
938 1992 1055 2053 duritias
1074 2012 1135 2054 orn·

127 2078 171 2135 nis
188 2076 308 2135 emollit.
341 2093 470 2136 somnum
485 2077 638 2155 conciliat,
660 2077 712 2136 sed
727 2079 887 2154 genituram
904 2078 1054 2136 consumit.
1088 2097 1135 2137 se·

128 2159 171 2219 dis
187 2161 273 2218 rimas
290 2169 319 2220 et
336 2161 538 2237 condylomata
560 2164 713 2239 omniaque
731 2163 760 2219 in
778 2179 905 2240 corpore
928 2162 1136 2221 excrescentia

86 2251 231 2307 143sanat.
245 2245 316 2303 Sunt
329 2247 377 2321 qui
389 2245 554 2305 silvestrem
565 2246 658 2319 xyrim
670 2254 786 2304 vocent.
802 2254 923 2304 strumas
935 2244 1009 2302 haec
1018 2245 1067 2302 vel
1083 2263 1135 2322 pa·

127 2345 181 2388 nos
197 2327 244 2388 vel
262 2329 377 2405 inguina
393 2329 517 2388 discutit.
548 2328 727 2405 praecipitur
746 2336 776 2386 ut
797 2328 911 2387 sinistra
926 2345 1009 2385 manu
1026 2327 1062 2386 ad
1080 2328 1171 2387 hosis

127 2430 195 2471 usus
208 2421 324 2471 eruatur
336 2411 569 2489 colligentesque
582 2411 678 2470 dicant
690 2412 771 2475 cuitus
790 2410 911 2469 hominis
927 2411 1027 2486 utique
1043 2429 1136 2472 causa

87 2496 282 2557 144eximant.
318 2494 415 2554 scelus
442 2493 641 2554 herbariorum
667 2495 814 2571 aperietur
839 2494 868 2552 in
895 2493 950 2551 hac
975 2495 1134 2554 mentione.

127 2587 238 2655 partem
254 2579 316 2636 eius
335 2587 453 2637 servant
470 2586 499 2637 et
521 2579 696 2655 quarundam
719 2577 837 2637 aliarum
854 2576 1023 2651 herbarum,
1046 2579 1137 2637 sicuti

127 2659 317 2737 plantaginis,
340 2669 369 2720 et
388 2663 529 2739 siparum
545 2660 689 2721 mercedis
704 2661 806 2720 tulisse
827 2679 860 2719 se
880 2659 1053 2720 arbitrantur
1071 2679 1135 2720 rur·

127 2760 235 2820 susque
260 2760 333 2821 opus
353 2752 509 2821 quaerunt,
537 2753 649 2822 partem
665 2760 728 2804 earn
745 2762 829 2820 quarn
851 2760 1009 2802 servavere
1026 2745 1171 2803 eodemso

128 2827 197 2886 loco
219 2826 375 2901 infodiunt,
400 2826 507 2901 credo,
531 2836 562 2886 ut
582 2828 649 2886 vitia
674 2844 751 2904 quae
773 2827 938 2887 sanaverint
956 2826 1065 2885 faciant
1087 2845 1134 2887 re-

127 2910 250 2970 bellare.
289 2909 443 2969 Saliunoae
462 2910 546 2969 radix
565 2910 593 2968 in
616 2910 683 2969 vino
705 2909 828 2969 decocta
852 2911 926 2969 sistit
946 2910 1135 2987 vomitiones,

128 2994 304 3054 conroborat
318 2994 506 3053 stomachum.

86 3084 136 3141 145
200 3076 283 3157 (84.)
304 3076 385 3137 Polio
402 3076 536 3137 Musaeus
552 3084 581 3136 et
597 3075 741 3137 Hesiodus
756 3078 898 3154 perungui
914 3074 1013 3134 iubent
1030 3076 1135 3153 digna·

127 3161 214 3220 tionis
234 3161 406 3240 gloriaeque
422 3160 533 3236 avidos,
550 3160 659 3238 polium
678 3161 809 3235 tractari,
838 3159 906 3235 coli,
928 3158 1036 3236 polium
1060 3179 1133 3220 con·
1145 3169 1171 3212 ³⁵

127 3254 172 3305 tra
198 3263 310 3304 venena
335 3244 452 3321 haberi,
482 3254 583 3304 contra
611 3245 756 3323 serpentis
784 3243 945 3318 substerni,
972 3243 1031 3315 uri,
1062 3261 1134 3320 por·

127 3329 195 3406 tari,
215 3330 244 3388 in
258 3330 324 3389 vino
341 3329 465 3408 decoqui
479 3347 585 3388 recens
602 3328 650 3387 vel
666 3327 789 3404 aridum,
809 3327 956 3404 inlinique.
990 3324 1135 3403 splenicis

115 3414 281 3492 propinant
295 3431 334 3474 ex
348 3423 449 3494 aceto,
471 3411 573 3472 morbo
598 3413 684 3488 regio
705 3413 733 3470 in
748 3413 832 3488 vino,
855 3419 883 3469 et
903 3407 1074 3486 hydropicis
1091 3412 1134 3470 in·
