2422 3840
119 181 179 243 too
471 192 501 241 c.
517 190 779 240 rnmrsucrmor

117 347 251 425 exiguum
266 356 296 406 et
311 346 408 406 inutile
423 347 561 423 gignitur.
592 343 840 422 Carthaginiensis
853 344 1011 425 Hispaniae
1032 346 1133 407 citeri·

117 431 176 490 oris
192 432 299 508 portio,
315 447 371 490 nec
389 429 463 490 haec
478 438 539 489 tota
554 428 607 488 sed
621 437 763 506 quatenus
778 429 868 507 parit,
883 429 988 489 montis
1012 447 1133 508 quoque

72 521 108 576 at
118 523 215 592 sparto
232 515 337 592 operit.
367 512 443 573 ilinc
457 522 545 573 strata
566 515 682 572 rusticis
703 529 819 589 eorum,
839 511 907 572 hinc
926 513 1012 589 ignes
1032 513 1132 573 iaces·

114 615 182 674 que,
201 596 267 656 hinc
283 596 449 656 calciamina
466 606 495 656 et
515 605 663 675 pastorum
687 598 788 655 reads.
821 594 991 657 animalibus
1009 596 1133 660 norun

115 688 317 758 praeterquam
336 683 513 741 cacuminum
524 681 687 740 teneritate.
707 678 743 739 ad
752 679 882 757 reliquos
895 697 964 740 usus
977 677 1133 745 laboriose
1145 703 1158 744 u

44 834 50 841 .
115 763 231 823 vellitur
245 768 371 825 ocreatis
388 764 520 825 cruribus
534 782 618 824 manu
631 764 777 842 textisque
790 764 927 839 manicis,
943 763 1134 825 convolutum

117 848 210 907 osseis
228 849 383 925 iligneisve
400 849 587 909 curamentis.
618 866 694 908 nunc
707 849 763 906 iarn
778 847 807 906 in
822 846 945 906 hiemem
966 847 1066 923 iuxta,
1089 848 1133 908 fa·

117 931 221 991 cillime
233 941 328 991 tamen
340 932 375 992 ab
387 931 480 992 idibus
490 933 572 992 Maiis
583 933 613 990 in
626 930 732 991 lunias.
756 930 814 990 hoc
825 932 993 991 maturitatis
1003 938 1132 1009 tempus.

71 1025 107 1078 28
176 1012 239 1093 (8.)
263 1015 385 1076 volsum
399 1015 528 1076 fascibus
541 1017 571 1074 in
587 1032 694 1074 acervo
711 1016 861 1074 animatum
873 1014 971 1093 biduo,
985 1015 1074 1074 tertio
1086 1033 1132 1074 ro·

15 1142 23 1159 .
114 1097 249 1175 solutum,
266 1101 410 1176 spargitur
422 1100 451 1157 in
466 1098 530 1158 sole
546 1100 729 1176 siccaturque
745 1106 774 1157 et
785 1116 885 1159 rursus
898 1099 928 1158 in
940 1096 1073 1158 fascibus
1085 1116 1132 1157 re·
1142 1118 1164 1160 u

114 1180 154 1241 dit
170 1181 222 1241 sub
238 1191 325 1241 tecta.
352 1192 456 1261 postea
474 1191 651 1256 maceratur,
667 1199 742 1260 aqua
753 1184 861 1242 marina
877 1191 1012 1259 optume,
1031 1180 1133 1241 sedet

114 1264 202 1341 dulci,
220 1265 245 1324 si
259 1268 367 1326 marina
381 1266 467 1342 desit,
485 1267 681 1343 siccatumque
696 1265 759 1325 sole
775 1266 877 1324 iterum
893 1266 1014 1341 rigatur.
1042 1265 1069 1324 si
1085 1282 1132 1325 re·

114 1357 203 1426 pente
219 1360 340 1425 urgueat
354 1348 537 1425 desiderium,
552 1349 700 1427 perfusum
722 1347 814 1408 calida
833 1351 862 1408 in
883 1349 957 1409 solio
976 1366 1012 1408 ac
1035 1349 1131 1408 sicca-

71 1442 174 1496 aetum
190 1441 269 1492 stans
289 1434 481 1512 conpendium
496 1451 605 1511 operae
620 1432 734 1492 fatetur.
765 1431 823 1492 hoc
843 1441 937 1492 autem
957 1431 1086 1492 tunditur
1102 1441 1133 1491 ut

114 1517 163 1577 liat
178 1516 257 1594 utile,
274 1519 431 1596 praecipue
445 1519 473 1576 in
488 1518 570 1595 aquis
585 1518 714 1596 marique
727 1517 872 1575 invictum.
902 1517 930 1575 in
947 1515 1029 1575 sicco
1042 1533 1131 1594 prae·
1141 1533 1165 1575 n

113 1600 210 1659 ierunt
227 1620 243 1660 e
259 1601 379 1662 cannabi
394 1602 479 1661 inuis.
515 1599 567 1659 sed
587 1609 715 1678 spartum
737 1598 822 1658 alitur
844 1601 930 1659 etiam
954 1598 1132 1676 demersum,

114 1683 202 1743 veluti
218 1685 353 1744 natalium
373 1686 448 1745 sitim
468 1701 605 1762 pensans.
638 1693 682 1743 est
701 1682 816 1762 quidem
836 1685 898 1743 eius
919 1691 1020 1743 natura
1040 1683 1132 1743 inter·

71 1777 106 1830 30
117 1767 203 1846 polis,
219 1786 376 1847 rursusque
392 1786 476 1846 quam
491 1767 580 1827 libeat
595 1774 737 1827 vetustum
751 1784 829 1826 novo
843 1767 988 1826 miscetur.
1015 1783 1132 1826 verum·

113 1861 208 1911 tamen
220 1851 421 1929 conplectatur
433 1853 525 1911 animo
537 1851 586 1928 qui
597 1850 679 1910 volet
688 1850 855 1910 miraculum
874 1851 1028 1910 aestimare
1040 1867 1131 1927 quau·

113 1945 143 1995 to
161 1937 198 1993 sit
212 1935 240 1992 in
255 1953 307 1993 usu
324 1934 455 1995 omnibus
470 1935 556 1992 terris
570 1936 684 1993 navium
697 1934 888 2009 armamentis,
900 1932 1038 1994 machinis
1050 1931 1165 1993 aedi-uo

116 2019 279 2077 ficationum
295 2016 418 2095 aliisque
433 2017 585 2078 desideriis
603 2019 689 2078 vitae.
721 2017 757 2077 ad
774 2017 827 2078 hos
848 2017 940 2076 omnis
961 2033 1031 2076 usus
1052 2033 1132 2094 quae

113 2101 257 2160 sufiiciunt
271 2104 363 2162 minus
376 2104 494 2180 triginta
512 2101 588 2161 milia
602 2119 737 2180 passuum
759 2102 788 2160 in
808 2099 984 2162 latitudinem
1004 2117 1021 2159 a
1043 2099 1133 2159 litore

104 2183 297 2262 Carthaginis
311 2204 405 2247 norae
419 2188 568 2265 minusque
585 2187 647 2245 cin
662 2184 870 2262 longitudinem
891 2202 957 2244 esse
977 2183 1132 2262 reperien-

113 2278 168 2329 tur.
197 2269 314 2347 lougius
329 2271 396 2331 vehi
410 2270 544 2350 inpendia
558 2269 723 2348 probibent,

70 2363 101 2418 31
181 2353 244 2436 (9.)
267 2356 357 2415 lunco
379 2354 509 2415 Graecos
529 2353 564 2413 ad
586 2354 661 2414 iunia
681 2370 750 2413 usos
769 2351 875 2411 nomini
900 2348 1050 2410 credamus
1070 2365 1166 2426 quoae

113 2436 231 2498 herbam
248 2457 311 2499 eam
326 2438 484 2516 appeliant,
502 2446 606 2515 postea
622 2437 780 2516 palmarum
794 2435 874 2495 foliis
885 2434 1058 2514 philuraque
1070 2450 1132 2493 ma·

115 2521 249 2580 niiestum
268 2531 322 2581 est.
345 2522 412 2581 inde
427 2521 595 2581 translatum
615 2539 631 2580 a
648 2519 754 2580 Poenis
775 2520 865 2598 sparti
889 2535 970 2578 usum
989 2533 1132 2595 perquam

115 2604 207 2664 simile
223 2606 285 2664 veri
299 2615 354 2664 est.

72 2697 107 2750 32
183 2688 265 2767 (10.)
289 2687 507 2766 Theophrastus
520 2695 622 2746 auctor
638 2695 683 2745 est
699 2704 767 2746 esse
782 2684 862 2744 bulbi
875 2702 969 2760 genus
990 2684 1070 2743 circa
1092 2682 1130 2741 ri·

116 2789 169 2848 pas
192 2773 313 2830 amnium
334 2787 474 2845 nascens,
501 2771 582 2829 cuius
602 2771 677 2829 inter
693 2786 830 2828 summum
846 2768 985 2827 corticem
1005 2782 1165 2843 eamqueao

114 2865 227 2932 partem
251 2872 306 2931 qua
328 2862 484 2913 vescuntur
504 2871 572 2913 esse
595 2853 707 2913 laneam
730 2861 859 2912 naturam
883 2869 921 2910 ex
947 2866 1002 2928 qua
1028 2848 1133 2928 inpilia

114 2948 271 3016 vestesque
283 2936 423 3016 quaedam
436 2938 633 2998 coniiciuntur.
656 2935 708 2996 sed
719 2953 815 3013 neque
829 2935 980 3011 regionem
991 2933 1020 2991 in
1032 2949 1089 3010 qua
1102 2931 1132 2991 id

114 3021 164 3079 liat
184 3040 240 3080 nec
260 3022 414 3099 quicquam
429 3020 594 3101 diligentius
610 3029 814 3099 praeterquam
830 3017 1008 3096 eriophoron
1029 3015 1058 3074 id
1078 3033 1131 3093 ap·

114 3102 221 3182 pellari
235 3104 263 3163 in
281 3103 497 3183 exemplaribus
513 3122 586 3182 quae
604 3103 738 3183 equidem
752 3102 910 3163 invenerim
922 3098 1017 3175 tradit,
1032 3115 1133 3176 neque

118 3187 233 3247 omnino
263 3188 350 3249 ullam
376 3189 550 3247 mentionem
574 3187 663 3249 habet
688 3188 777 3266 sparti
803 3195 906 3247 cuncta
931 3199 1035 3260 magna
1061 3199 1168 3250 curam

73 3289 123 3334 inu
142 3281 313 3351 persecutns
341 3283 451 3332 cccxc
481 3273 561 3333 annis
586 3282 652 3333 ante
678 3289 748 3346 nos,
774 3280 805 3330 ut
835 3272 891 3329 iam
919 3278 948 3328 et
974 3267 1031 3328 alio
1058 3265 1132 3325 loco

115 3357 253 3434 diximus,
286 3373 343 3436 quo
372 3356 493 3436 adparet
517 3365 585 3435 post
612 3356 640 3416 id
665 3355 805 3433 temporis
839 3353 867 3413 in
899 3368 980 3413 usum
1013 3348 1134 3410 venisse

115 3450 252 3519 spartum.
