2422 3840
111 86 151 148 32
456 100 485 147 c.
502 101 597 147 aanor
612 100 762 148 saeuum

112 263 233 331 argento
245 255 323 312 fiunt.
347 251 545 331 hucnpatoria
556 253 686 313 harundo
699 271 715 314 a
728 253 890 313 Panhormo
903 249 1111 328 laudatissima,

111 339 266 415 piscatoria
282 336 438 396 Abaritana
453 354 491 395 ex
504 334 613 395 Africa.

72 429 122 484 tta
196 421 280 496 (67.)
310 419 480 478 Harundinis
496 418 595 478 ltaliae
614 437 681 477 usus
696 419 731 479 ad
745 420 845 479 vineas
858 435 1001 478 maxume.
1037 415 1110 479 (lato

113 503 170 562 seri
197 521 260 560 earn
282 502 363 561 iubet
389 505 417 562 in
439 503 541 562 umidis
562 504 639 578 agris
661 502 769 581 bipalio
790 501 911 562 subacto
931 501 1012 579 prius
1032 501 1109 578 solo,

113 585 205 645 oculis
221 586 369 664 dispositis
386 585 538 646 intervallo
553 595 699 645 ternorum
721 586 842 663 pedum,
863 584 992 645 simulet
1009 600 1132 645 corre-n

112 669 192 744 dam,
215 671 290 729 unde
312 672 445 747 asparagi
470 670 593 729 fiant-
611 669 790 729 concordare
810 669 961 728 amicitiam
976 698 1034 746 —,
1056 668 1108 729 37.

113 752 218 811 salices
238 770 310 813 vero
330 754 421 827 circa,
443 771 498 830 qna
512 752 590 811 nulla
606 754 800 829 aquaticarum
821 751 934 826 utilior,
961 750 1031 811 licet
1056 767 1109 828 po·

113 836 172 913 puli
191 835 296 896 vitibus
317 836 452 912 placeant
472 845 502 895 et
517 833 653 895 Caecuba
675 837 814 910 educent,
838 834 908 895 licet
928 833 985 893 alui
1011 835 1109 911 saepi·

112 918 166 977 bus
180 920 303 978 muniant
319 927 477 995 contraque
489 919 695 996 erumpentium
708 920 827 979 amnium
841 919 964 995 impetus
981 917 1109 995 riparum

112 1017 193 1059 muro
209 1003 236 1059 in
254 1002 344 1061 tutela
362 1003 437 1060 ruris
453 1001 599 1061 excubent
613 1003 642 1061 iu
657 1021 731 1081 aqua
747 1011 839 1077 satae,
855 1016 1019 1078 caesaeque
1037 998 1107 1060 den·
1119 1017 1142 1058 ro

113 1085 173 1142 sius
192 1085 340 1143 innumero
360 1083 470 1144 herede
489 1086 608 1162 prosint.

72 1175 123 1230 174
193 1167 276 1244 (68.)
300 1168 404 1227 Salicis
424 1171 519 1227 statim
540 1168 623 1245 plura
638 1185 757 1245 genera.
793 1185 914 1244 namque
941 1175 971 1226 et
990 1166 1020 1225 in
1040 1182 1108 1244 pro·

115 1252 263 1311 ceritatem
274 1269 405 1328 maguam
417 1253 546 1311 emittunt
557 1253 631 1327 iugis
641 1254 788 1310 vinearum
796 1252 924 1329 perticas
936 1250 1109 1327 pariuntque

113 1335 212 1395 balteo
230 1336 346 1394 corticis
361 1335 492 1410 vincula,
511 1344 540 1394 et
557 1334 631 1394 aliae
648 1337 746 1411 virgas
763 1334 898 1412 sequacis
912 1332 948 1392 ad
961 1334 1109 1407 vincturas

112 1419 251 1494 leutitiae,
278 1419 348 1479 alias
364 1421 529 1498 praetenuis
544 1418 694 1477 viminibus
707 1419 838 1477 texendis
850 1415 1003 1494 spectabili
1019 1415 1107 1475 subti·
1119 1432 1142 1470 rs

113 1502 200 1562 litate.
245 1520 343 1562 rursus
366 1503 440 1563 aliae
469 1503 610 1561 firmiores
637 1501 773 1560 corbibus
794 1518 829 1561 ac
856 1499 1004 1578 plurumae
1032 1499 1108 1577 agri·

113 1587 242 1645 colarum
268 1586 461 1662 supellectili,
495 1584 677 1644 candidiores
703 1584 799 1644 ablato
829 1583 958 1658 cortice,
989 1582 1108 1660 levique

112 1677 234 1728 tractatu
255 1669 436 1728 mollioribus
464 1671 559 1743 vasis,
581 1686 654 1745 quae
676 1678 707 1726 ut
728 1686 784 1727 nec
807 1667 887 1727 corio
903 1666 971 1726 liant
992 1665 1107 1739 eodem,

113 1761 198 1828 atque
220 1753 304 1810 etiam
329 1753 492 1828 supinarum
519 1752 547 1808 in
571 1751 689 1811 delicias
711 1751 908 1811 cathedrarum
928 1750 1106 1827 aptissimae.

55 1844 121 1898 *175
134 1831 251 1893 Gaedua
268 1835 350 1893 salici
371 1835 504 1893 fertilitas
526 1834 701 1912 densiorque
722 1843 837 1893 tonsura
854 1853 892 1893 ex
908 1831 992 1892 brevi
1009 1847 1108 1910 pugno
1116 1842 1141 1884 tt

112 1918 210 1975 verius
229 1934 311 1993 quam
326 1935 421 1993 ramo,
439 1935 511 1993 non,
531 1926 560 1976 ut
574 1936 685 1993 remur,
701 1919 729 1976 in
743 1917 906 1976 novissimis
923 1914 1049 1976 curanda
1063 1933 1107 1976 ar-

112 1999 195 2059 bore.
225 1999 330 2059 nullius
348 2002 455 2079 quippe
472 2003 559 2060 tutior
574 2002 682 2061 reditus
698 2011 743 2061 est
754 2002 910 2061 minorisve
928 1997 1046 2077 inpendi
1061 2006 1109 2058 aut

112 2083 324 2160 tempestatium
341 2087 480 2144 securior.

71 2175 122 2229 176
197 2167 280 2246 (69.)
303 2167 429 2227 Tertium
444 2168 540 2228 locum
555 2170 583 2228 ei
599 2170 626 2227 iu
642 2169 840 2228 aestimatione
852 2167 927 2226 ruris
940 2162 1013 2225 Cato
1028 2165 1107 2228 attri-

111 2249 172 2309 buit
187 2252 371 2329 prioremque
389 2270 472 2330 quam
488 2252 603 2312 olivetis
622 2269 763 2329 quamque
780 2250 923 2310 frumento
943 2257 991 2308 ant
1005 2249 1106 2326 pratis,
1116 2268 1140 2308 as

111 2352 166 2393 uec
182 2337 248 2411 quia
263 2334 358 2394 desint
374 2335 429 2395 alia
445 2337 568 2395 vincula.
602 2334 741 2413 siquidem
759 2344 787 2393 et
801 2336 934 2411 genistae
956 2340 985 2391 ct
1006 2329 1108 2410 populi

112 2425 142 2475 et
160 2417 226 2475 ulmi
245 2426 274 2474 et
290 2420 440 2495 sanguinei
462 2419 582 2478 frutices
600 2428 629 2477 et
650 2417 777 2476 betullae
796 2426 825 2476 et
843 2415 972 2477 harundo
994 2414 1064 2475 lissa
1080 2423 1109 2473 et

111 2498 297 2560 harundinum
312 2501 393 2578 folia,
410 2510 440 2560 ut
454 2500 614 2578 inLiguria,
626 2502 729 2560 etvitis
741 2503 805 2579 ipsa
814 2502 982 2577 ,recisisque
996 2497 1107 2559 aculeis

110 2580 175 2640 rubi
196 2582 321 2658 adligant
344 2593 373 2641 et
390 2586 493 2643 intorta
509 2584 625 2658 corylus
642 2618 684 2629 -
698 2586 856 2662 mirumque
872 2592 1013 2644 contuuso
1028 2581 1107 2658 ligno

112 2665 196 2724 alicui
219 2667 344 2724 maiores
367 2667 402 2725 ad
424 2667 538 2726 vincula
560 2686 627 2726 esse
650 2668 718 2727 viris
733 2700 792 2742 —,
811 2667 893 2728 salici
910 2676 1006 2726 tamen
1021 2681 1140 2743 prae-ao

71 2755 120 2810 177
133 2750 218 2827 cipua
234 2749 297 2808 dos.
321 2747 450 2809 Finditur
467 2749 578 2811 Graeca
593 2750 716 2826 rubens,
741 2749 888 2810 candidior
904 2749 1040 2809 Amerina
1054 2746 1107 2807 sed

111 2833 199 2909 paulo
219 2832 351 2909 fragilior
373 2833 440 2892 ideo
461 2834 556 2893 solido
579 2833 649 2910 ligat
668 2852 754 2892 nexu.
786 2835 815 2892 in
831 2833 901 2892 hsia
921 2834 976 2892 tria
996 2847 1107 2910 genera

112 2913 283 2974 observant:
313 2917 423 2992 nigram
449 2918 592 2976 utiliorem
618 2917 786 2992 viminibus,
817 2916 965 2977 candidam
993 2915 1107 2992 agrico-

111 2996 201 3055 larum
221 2998 337 3073 usibus,
360 3000 473 3057 tertiam
495 3017 570 3076 quae
590 2999 759 3060 brevissima
783 3009 827 3059 est
847 3000 973 3059 helicem
990 3006 1105 3058 vocant.

110 3079 186 3157 apud
205 3097 259 3138 nos
280 3097 396 3158 quoque
413 3080 493 3139 multi
515 3083 633 3141 totidem
657 3083 814 3160 generibus
830 3085 943 3143 nomina
960 3082 1139 3162 inponamus

109 3162 271 3222 viminalem
300 3172 407 3223 vocant
437 3164 614 3242 eandemque
644 3184 834 3245 pnrpuream,
864 3167 984 3227 alteram
1012 3163 1106 3224 niteli-

110 3265 174 3307 nam
189 3265 205 3307 a
222 3247 323 3306 colore
338 3264 413 3325 quae
432 3248 468 3306 sit
485 3249 608 3325 tenuior,
624 3251 735 3310 tertiam
752 3247 889 3311 Gallicam
910 3266 984 3327 quae
999 3247 1106 3308 tenuis·

109 3348 188 3390 suma.
