2422 3840
121 189 184 251 284
467 196 496 243 o.
513 196 608 243 enum
624 195 774 244 succuum

121 356 201 413 tione
213 353 249 412 ad
260 353 338 412 virus
351 349 559 427 accipiendum.
572 351 670 428 itaque
683 351 781 409 caveri
794 349 948 409 conveniet
958 350 1041 426 prius
1051 367 1140 427 quarn

124 457 157 497 se
178 437 301 496 condant
326 442 489 511 serpentes.
525 434 606 509 signa
629 442 712 492 crunt
734 442 776 493 tot
798 431 924 509 herbae,
946 440 989 491 tot
1010 432 1140 493 arbores

122 522 301 596 fruticesque
317 517 354 577 ab
371 534 485 576 emersu
501 533 597 576 earum
613 517 648 576 ad
665 517 805 577 latebram
819 533 912 593 usque
930 525 1092 576 vernantes
1112 525 1140 576 et

122 604 171 663 vel
191 602 295 661 fraxini
316 610 422 661 tantum
439 599 514 659 iolia
534 617 590 658 nec
612 609 715 678 postea
731 601 879 659 nascentia
899 616 956 658 nec
971 610 1040 659 ante
1055 600 1138 660 deoi-

123 687 229 747 dentia.
258 694 288 744 ct
305 683 413 745 boletis
431 685 546 760 quidem
563 692 643 743 ortus
660 700 843 760 occasusque
861 683 952 741 omnis
974 684 1047 742 intra
1074 683 1165 743 diesa

125 788 157 830 se
181 778 239 828 tem
257 778 312 827 est.

79 861 115 917 96
161 787 237 913 ρ23.
262 851 346 931 (47.)
369 850 535 929 Fungorum
550 851 657 910 lentior
671 860 769 910 natura
787 859 815 909 et
835 867 991 909 numerosa
1011 867 1138 928 genera,

122 936 176 995 sed
192 936 275 1012 origo
291 951 348 994 non
365 936 419 994 uisi
443 954 480 995 ex
505 935 604 1013 pituita
630 934 774 994 arborum.
808 934 939 993 tutissimi
961 934 1010 1012 qui
1030 933 1140 994 rubent

124 1019 200 1081 callo
225 1020 316 1078 minus
336 1019 426 1080 diluto
448 1017 554 1078 rubore
577 1036 662 1095 quam
686 1018 794 1091 boleti,
829 1033 897 1076 mox
918 1016 1033 1076 candidi
1056 1017 1140 1078 velut

124 1106 207 1182 apice
231 1102 351 1162 flaminis
374 1101 532 1178 insignibus
549 1100 706 1179 pediculis,
728 1102 843 1160 tertium
864 1118 957 1177 genus
984 1099 1064 1160 suilli
1086 1120 1172 1162 ve=uo

123 1188 204 1246 nonis
231 1185 521 1245 adcommodatissimi
546 1184 668 1243 familias
692 1203 786 1262 nuper
813 1186 987 1244 interemere
1023 1193 1053 1243 et
1076 1193 1139 1244 tota

125 1270 273 1344 convivia,
294 1267 443 1329 Annaeum
463 1269 604 1328 Serenum
624 1268 804 1346 praelectum
824 1267 949 1327 Neronis
967 1266 1093 1344 vigilum
1110 1276 1139 1326 et

82 1362 115 1418 97
122 1353 252 1413 tribunos
274 1354 530 1430 centurionesque.
569 1369 644 1430 quae
662 1352 797 1428 voluptas
816 1360 894 1411 tanta
917 1358 980 1411 tom
998 1352 1137 1430 ancipitis

126 1433 202 1496 cibi?
230 1436 343 1513 quidam
364 1435 532 1497 discrevere
548 1435 684 1495 arborum
699 1435 874 1519 generibus,
899 1435 973 1510 lico,
995 1434 1094 1494 ferula
1110 1443 1139 1493 et

82 1541 110 1583 rc,
122 1540 143 1575 ιι
156 1520 287 1580 cummim
301 1519 473 1595 lerentibus,
491 1536 548 1578 non
566 1520 635 1577 item
646 1518 726 1596 fago,
739 1519 858 1593 robore,
879 1534 1034 1596 cupresso,
1049 1527 1084 1577 ut
1096 1518 1138 1579 di·
1150 1539 1171 1580 rs

124 1603 227 1661 ximus.
261 1603 314 1662 sed
337 1603 391 1662 ista
414 1604 477 1680 quis
500 1601 625 1680 spondet
650 1603 677 1661 in
699 1599 872 1662 venalibus?
903 1603 1026 1661 omnium
1050 1602 1139 1662 colos

124 1683 238 1746 lividus.
267 1683 313 1745 bic
335 1685 454 1745 habebit
475 1687 580 1745 veneni
599 1695 797 1762 argumentum
821 1702 878 1765 quo
905 1685 1026 1744 similior
1048 1685 1141 1746 fuerit

81 1786 164 1824 trama
176 1770 325 1847 arborum,
341 1777 370 1827 ut
388 1769 444 1828 lici.
462 1770 602 1830 adversus
614 1770 688 1830 haec
706 1770 829 1829 diximus
845 1769 973 1829 remedia
991 1770 1139 1829 dicemus·

82 1857 194 1931 obque.
225 1854 336 1918 interim
357 1861 423 1911 sunt
445 1853 589 1931 aliquast
610 1855 638 1911 in
659 1853 713 1912 his.
747 1850 881 1912 Glaucias
902 1851 1054 1911 stomacho
1084 1854 1138 1912 uti·

125 1936 161 1995 lis
176 1944 255 2013 putat
272 1935 400 1994 boletos.
428 1936 573 1994 siccantur
592 1937 753 2012 pendentes
777 1936 868 2011 suilli,
895 1937 979 1995 iunco
1000 1936 1170 1997 transfixio

126 2018 228 2095 quales
246 2036 263 2075 e
278 2017 409 2090 Bithynia
424 2019 551 2077 veniunt.
584 2018 612 2077 hi
627 2019 810 2078 iluotionibus
829 2019 980 2095 alvi0quas
1001 2019 1138 2079 rheuma·

124 2103 223 2159 tismos
239 2109 345 2159 vocant
359 2100 510 2160 medentur
527 2103 825 2181 excrescentibusque
842 2103 870 2161 in
891 2102 963 2161 sede
986 2102 1139 2180 carnibus,

124 2184 251 2243 minuunt
270 2185 345 2243 enim
366 2203 417 2244 cas
441 2194 470 2244 et
491 2194 624 2263 tempore
645 2185 822 2260 absumunt,
835 2188 904 2245 item
919 2186 1093 2262 lentiginem
1111 2195 1140 2246 et

123 2267 272 2328 mulierum
289 2269 317 2328 in
332 2269 408 2329 facie
428 2270 506 2328 vitia.
537 2270 668 2329 lavantur
688 2271 772 2329 etiam
793 2278 825 2328 ut
845 2268 990 2347 plumbum
1012 2270 1043 2328 in
1067 2287 1139 2330 ocu·

123 2351 217 2411 lorum
232 2352 449 2412 medicamenta.
465 2353 591 2413 sordidis
603 2353 751 2412 ulceribus
764 2363 793 2412 et
806 2353 908 2430 capitis
921 2353 1138 2430 eruptionibus,
1148 2373 1172 2416 at

82 2433 233 2496 obcursum
255 2434 397 2495 morsibus
413 2453 450 2494 ex
467 2453 540 2512 aqua
562 2435 726 2495 inlinuntur.
756 2435 840 2496 Libet
855 2445 884 2495 et
902 2437 1048 2513 coquendi
1067 2437 1140 2497 dave

125 2518 236 2595 aliquas
253 2521 408 2578 communis
423 2520 451 2577 in
468 2520 543 2577 omni
559 2536 595 2578 eo
619 2538 729 2596 genere
750 2519 989 2594 observationes,
1019 2522 1139 2598 quando

124 2601 205 2678 ipsae
228 2603 287 2660 suis
307 2601 436 2662 manibus
457 2602 581 2662 deliciae
597 2613 772 2680 praeparant
786 2603 861 2663 hunc
885 2602 979 2662 cibum
994 2604 1095 2664 solum
1111 2614 1141 2665 et

125 2684 299 2759 cogitatione
319 2695 384 2744 ante
400 2695 557 2763 pascuntur
572 2687 679 2746 sucinis
696 2687 846 2748 novaculis
863 2696 911 2746 aut
926 2695 1072 2763 argenteo
1089 2688 1139 2749 ad·

124 2775 225 2845 paratu
241 2769 402 2827 comitante.
430 2770 510 2828 noxii
528 2779 610 2828 eruut
625 2770 705 2846 iungi
721 2771 769 2847 qui
785 2771 813 2829 in
829 2769 982 2849 coquendo
998 2770 1173 2833 durioresso

124 2850 209 2926 fient,
225 2851 440 2911 innocentiores
456 2853 504 2929 qui
518 2854 592 2912 nitro
607 2853 704 2912 addito
718 2862 894 2932 coqucutur,
911 2854 936 2912 si
948 2853 1055 2932 utiquc‘
1070 2873 1140 2933 per·

125 2942 294 3011 coquantur.
330 2936 453 2994 tutiores
473 2934 543 2994 liunt
565 2954 629 2995 curn
651 2954 738 2996 carne
754 2939 831 2997 cocti
846 2945 894 2996 aut
914 2953 978 2995 cum
993 2938 1139 3014 pediculo

123 3018 188 3095 piri.
220 3025 340 3095 prosunt
355 3027 384 3076 et
399 3020 462 3096 pira
481 3019 634 3078 confestim
649 3029 772 3098 sumpta.
798 3019 928 3080 debellat
944 3035 997 3079 cos
1014 3030 1044 3081 et
1059 3024 1140 3082 aceti

97 3162 98 3165 ,
123 3107 224 3159 natura
240 3102 383 3160 contraria
405 3103 450 3162 iis.

82 3194 133 3247 1⁰0
207 3182 288 3262 (48.)
301 3183 443 3244 Imbribus
455 3189 626 3264 proveniunt
638 3190 731 3246 omnia
742 3187 827 3262 hacc,
840 3188 931 3248 imbre
945 3197 974 3248 ct
986 3188 1138 3266 silphium}¹
1148 3211 1174 3253 aa

81 3287 111 3332 o,
123 3289 145 3324 aa
155 3267 234 3325 venit
247 3269 339 3346 primo
352 3267 516 3346 eGyrenis,
532 3279 564 3329 ut
574 3270 679 3330 dictum
693 3279 747 3330 est.
768 3289 806 3330 ex
819 3271 903 3346 Syria
913 3289 988 3332 nunc
998 3289 1139 3334 maxume

123 3346 300 3426 inportatur,
315 3352 441 3412 deterius
465 3353 617 3430 Parthico,
642 3355 695 3414 sed
712 3353 826 3415 Medico
842 3356 962 3430 melius,
985 3357 1138 3417 exstincto

70 3455 99 3500 ro,
113 3435 227 3494 oomni
248 3431 429 3517 Cyrenaico,
445 3446 475 3498 ut
491 3436 622 3498 diximus.
651 3437 727 3497 Usus
751 3436 837 3515 silphi
852 3440 879 3497 in
896 3439 1055 3498 medicina:
1091 3441 1137 3502 io·
1173 3482 1179 3505 t
