2422 3840
142 170 181 232 26
449 180 479 226 e.
492 179 586 226 emm
601 178 749 226 saeuum

140 337 197 396 boc
226 335 298 395 alias
324 333 455 405 fastidio,
479 331 548 391 alias
576 333 768 406 contumacia,
797 332 913 408 saepius
936 329 1137 391 imbecillitate

141 436 240 478 eorum
258 434 332 494 quae
346 415 553 474 transferantur
570 415 681 492 evenit,
697 414 768 473 alias
784 414 868 473 caelo
884 413 1046 489 invidente,
1063 415 1137 475 alias

142 500 205 560 solo
221 508 410 576 repugnante.

99 593 149 648 135
222 583 304 661 (59.)
326 580 445 641 Fastidit
461 579 618 639 balsamum
635 579 702 639 alibi
716 581 806 655 nasci,
823 588 888 638 nata
906 578 1027 653 Assyria
1043 578 1136 639 malus

141 666 209 725 alibi
224 666 320 739 lerre,
346 683 401 723 nec
415 681 472 722 non
488 672 517 722 et
531 663 626 740 palma
646 663 752 742 ubique
772 664 852 722 nasci
874 671 920 722 aut
940 671 1005 721 nata
1028 676 1160 738 pareret

140 749 199 824 vel,
216 766 279 807 curn
290 749 420 825 promisit
436 748 521 805 etiam
537 747 729 826 ostenditque,
741 746 877 820 educare,
890 754 1032 821 tamquam
1048 745 1136 805 invita

141 833 299 911 pepererit.
334 849 390 890 non
412 829 499 889 babet
518 830 587 888 viris
610 830 706 889 frutex
725 830 845 888 cinnami
866 831 893 887 in
916 829 1019 902 Syriae
1039 828 1136 888 vicina

139 914 338 994 perveniendi.
371 930 427 972 non
441 913 536 972 lerunt
549 916 652 972 amomi
667 913 804 992 nardique
820 912 954 987 deliciae,
969 928 1006 970 ne
1021 912 1050 968 in
1061 910 1134 971 Ara·

140 999 214 1058 biam
224 1000 347 1074 quidem,
366 1014 402 1055 ex
412 995 490 1055 India
507 1004 536 1053 et
550 1013 623 1055 nave
634 996 823 1073 peregrinari.
840 994 1133 1072 temptavitenimSe·

100 1091 149 1144 136
160 1081 260 1140 leucus
275 1097 338 1138 rex.
364 1075 439 1138 lllud
456 1096 586 1137 maxume
601 1079 711 1154 mirum,
724 1081 803 1156 ipsas
819 1078 989 1155 plerumque
1010 1077 1133 1137 arbores
1144 1096 1168 1138 uo

141 1164 257 1222 exorari
282 1172 311 1221 ut
330 1163 427 1221 vivant
449 1171 535 1240 atque
561 1163 776 1238 transmigrent,
806 1160 958 1239 aliquando
980 1169 1047 1219 eta
1067 1160 1134 1220 solo

140 1248 287 1323 impetrari
309 1253 338 1303 ut
360 1244 470 1305 alienas
492 1245 548 1304 alat
571 1245 755 1321 advenasque
777 1246 896 1320 nutriat,
919 1242 1031 1303 caelum
1053 1244 1134 1303 nullo

140 1328 225 1388 modo
241 1328 328 1388 flecti.
362 1329 431 1387 vivit
452 1329 480 1386 in
495 1326 577 1387 ltalia
596 1329 706 1406 piperis
722 1327 826 1402 arbor,
848 1328 944 1386 casiae
960 1342 1031 1386 vero
1048 1329 1134 1387 etlam

139 1415 168 1471 in
186 1411 403 1488 septentrionali
426 1411 528 1488 plaga,
548 1412 617 1470 vixit
631 1413 660 1470 in
674 1410 763 1485 Lydia
785 1411 873 1485 turis,
896 1410 948 1469 sed
972 1409 1048 1469 unde
1068 1428 1133 1470 sor·

140 1494 243 1553 bentes
267 1513 377 1554 sucum.
391 1511 503 1553 omnem
524 1512 562 1554 ex
582 1495 616 1552 iis
638 1494 719 1554 soles
737 1503 934 1571 coquentesve
963 1490 1168 1554 lacrimam‘lrt
1206 1552 1208 1558 .

98 1586 147 1641 137
159 1577 229 1637 illud
244 1594 383 1656 proxume
396 1580 506 1653 mirum,
517 1578 617 1637 mutari
632 1587 759 1637 naturam
774 1579 802 1635 in
816 1576 916 1636 iisdem
932 1584 1018 1654 atque
1035 1577 1133 1655 inpro-

139 1663 201 1721 viso
219 1662 329 1721 valere.
362 1661 479 1720 cedrum
496 1662 639 1720 aestuosis
657 1661 784 1738 partibus
803 1660 932 1733 dederat,
948 1660 1021 1718 etin
1035 1658 1132 1735 Lyciis

139 1745 329 1820 Phrygiisque
339 1744 481 1802 montibus
492 1744 627 1804 nascitur.
653 1744 744 1820 frigus
757 1744 897 1802 inimicum
911 1742 990 1801 lauro
1008 1742 1131 1817 lecerat,

139 1827 234 1886 sedin
253 1825 376 1903 Olympo
394 1827 542 1903 copiosior
557 1826 634 1885 nulla
650 1834 705 1886 est.
737 1827 814 1886 eirca
831 1825 991 1903 Bosporum
1007 1822 1132 1884 Cimme-

79 1902 103 1952 f
138 1911 210 1967 rium
227 1910 256 1967 in
277 1908 469 1984 Panticapaeo
496 1907 565 1967 urbe
586 1908 767 1968 omnimodo
789 1908 930 1968 laboravit
952 1906 1167 1979 Mithridatesao

138 2009 191 2049 rex
202 2000 231 2050 et
247 1992 336 2049 ceteri
351 1990 464 2050 incolae
477 2008 625 2051 sacrorum
638 2001 719 2051 certe
732 2009 818 2051 causa
831 1992 940 2051 laurum
951 1999 1132 2069 myrtumque

138 2073 257 2136 babere.
291 2092 348 2133 non
364 2075 492 2150 contigit,
510 2092 573 2133 cum
587 2077 697 2152 teporis
716 2075 837 2134 arbores
853 2074 997 2134 abundent
1011 2073 1063 2148 ibi,
1079 2092 1131 2151 pu·

98 2163 147 2219 138
158 2158 241 2217 nicae
258 2157 374 2234 licique,
392 2158 446 2216 iarn
460 2158 526 2218 mali
538 2167 567 2217 et
581 2160 635 2236 piri
646 2159 869 2218 laudatissimae.
898 2157 1018 2234 frigidas
1027 2157 1131 2216 eodem

137 2249 230 2300 tractu
245 2259 301 2300 non
318 2243 417 2318 genuit
434 2241 565 2315 arbores,
587 2243 692 2320 pinum,
709 2241 843 2316 abietem,
862 2241 984 2318 piceam.
1017 2250 1048 2301 et
1064 2240 1131 2318 quid

138 2326 237 2384 attinet
254 2326 281 2384 in
295 2324 415 2384 Pontum
431 2323 533 2384 abire?
563 2327 640 2385 iuxta
655 2325 774 2384 Romam
794 2326 885 2402 ipsam
906 2332 1060 2383 castaneae
1082 2341 1166 2384 coza

137 2410 252 2485 rasique
268 2426 358 2484 aegre
373 2409 560 2486 proveniunt,
582 2409 696 2485 persica
718 2409 746 2465 in
761 2406 939 2481 Tusculano,
961 2424 1024 2466 nam
1040 2424 1131 2466 nuces

138 2489 268 2549 Graecae
300 2509 363 2550 cum
392 2491 488 2550 taedio
518 2492 680 2551 inseruntur
704 2488 858 2550 Tarracina
889 2490 968 2550 silvis
997 2498 1131 2551 scatente

138 2589 244 2630 earum.

96 2662 146 2717 139
215 2653 266 2715 33.
289 2655 372 2734 (60.)
404 2654 567 2734 cupressus
589 2657 699 2716 advena
716 2665 745 2716 et
764 2656 932 2716 difficillime
952 2657 1130 2715 nascentium

137 2738 200 2813 luit,
216 2747 245 2797 ut
261 2736 298 2797 de
317 2755 372 2814 qua
387 2738 540 2798 verbosius
556 2740 731 2818 saepiusque
755 2757 839 2818 quam
859 2740 895 2799 de
913 2738 1045 2799 omnibus
1066 2738 1165 2799 aliisae

138 2821 297 2898 prodiderit
305 2817 388 2894 Cato,
404 2829 471 2879 natu
486 2838 612 2895 morosa,
628 2822 721 2882 fructu
733 2840 925 2901 supervacua,
940 2822 1021 2882 bacis
1035 2830 1130 2897 torva,

137 2904 208 2963 lolio
231 2922 342 2977 amara,
365 2903 456 2962 odore
476 2905 603 2962 violenta
625 2923 659 2964 ac
681 2924 718 2965 ne
737 2905 836 2965 umbra
859 2906 973 2983 quidem
988 2905 1129 2981 gratiosa,

137 2988 255 3045 materie
272 3005 353 3060 rara,
375 2994 406 3044 ut
427 3003 519 3064 paene
537 2988 667 3046 fruticosi
682 2989 819 3066 generis,
841 2987 902 3048 Diti
918 3006 1002 3049 sacra
1019 2997 1050 3047 et
1063 2987 1130 3048 ideo

96 3077 147 3130 140
157 3067 271 3128 funebri
287 3071 369 3144 signo
386 3068 422 3128 ad
436 3070 536 3128 domos
560 3071 665 3148 posita.
694 3072 798 3131 lemina
819 3072 926 3131 sterilis
949 3071 1005 3131 diu.
1034 3080 1131 3131 metae

137 3150 249 3210 demum
265 3151 404 3228 adspectu
421 3169 476 3211 non
489 3154 639 3231 repudiata
655 3155 862 3233 distinguendis
877 3163 983 3214 tantum
997 3155 1164 3233 pinorumau

138 3232 300 3308 ordinibus,
329 3253 404 3294 nunc
427 3253 499 3294 vero
525 3237 637 3296 tonsilis
663 3237 740 3298 lacta
765 3239 794 3296 in
818 3236 960 3298 densitate
987 3239 1130 3315 parietum

137 3318 323 3395 coercitaque
348 3318 509 3394 gracilitate
541 3330 683 3399 perpetuo
710 3329 810 3381 tenera
834 3320 954 3380 trabitur
981 3321 1067 3381 etiam
1101 3322 1131 3381 in

136 3401 263 3478 picturas
280 3402 377 3478 operis
393 3404 524 3480 topiarii,
542 3413 660 3464 venatus
677 3402 816 3464 classisve
835 3413 864 3462 et
879 3404 1018 3482 imagines
1032 3422 1129 3465 rerum
