2422 3840
328 184 408 229 unu.
427 182 518 230 mss.
531 183 643 229 xv1111.
660 180 745 232 4-5.
760 170 908 250 (at-24.)
1079 171 1139 231 167

134 342 206 400 flore
223 339 348 399 demisso
368 340 438 398 mira
457 338 636 414 longitudine
652 346 796 398 crescunt.
831 355 901 397 ecce
928 355 992 396 cum
1006 354 1138 398 maxume
1147 343 1181 402 67

135 442 210 483 nova
226 423 317 482 lorma
333 439 432 481 eorum
447 422 474 481 iu
492 421 647 501 Campania
666 422 799 500 provenit
816 421 882 480 mali
898 421 1016 481 cotonei
1028 421 1138 498 siligio.

134 509 212 566 forte
230 507 321 584 primo
337 515 432 564 natum
448 507 486 565 ita
500 505 585 566 audio
602 525 695 581 unum,
712 523 781 564 mox
797 507 906 564 semine
922 523 960 564 ex
978 505 1030 565 illo
1046 523 1139 581 genus

135 592 249 664 lactum,
271 590 483 668 melopeponas
498 598 613 649 vocant.
642 608 700 650 nou
718 588 845 667 pendent
859 588 902 663 hi,
928 588 979 648 sed
1001 588 1076 647 humi
1092 606 1138 648 ro·

113 673 295 734 stundantur.
327 674 426 732 mirum
444 675 472 731 in
488 671 531 731 his
549 681 665 752 praeter
681 674 802 749 liguram
820 671 1008 749 coloremque
1023 681 1053 731 et
1067 673 1137 732 odo-

133 775 195 816 rem
211 757 289 834 qnod
306 758 494 815 maturitatem
510 755 606 835 adepti
628 773 797 834 quamquam
821 772 880 813 non
901 753 1061 831 pendentes
1083 765 1138 815 sta·

132 844 181 901 tim
200 837 221 900 a'
231 840 366 919 pediculo
382 839 531 899 recedunt.
562 839 724 900 Columella
740 857 820 898 suum
835 836 921 896 tradit
938 848 1139 912 commentum,
1147 847 1183 901 68

132 934 163 984 ut
177 933 240 984 toto
257 941 331 983 anno
351 924 532 1000 contingant,
555 923 689 983 fruticem
711 921 774 982 rubi
797 939 879 1000 quam
901 921 1092 980 vastissimum
1111 923 1139 980 in

134 1009 263 1087 apricum
278 1007 375 1066 locum
390 1007 548 1067 transferre
566 1017 595 1067 et
609 1007 744 1066 recidere
760 1006 845 1066 duum
863 1005 1019 1082 digitorum
1038 1006 1140 1065 relicta

97 1106 124 1148 so
134 1094 224 1169 stirpe
241 1093 318 1150 circa
334 1110 450 1151 vernum
467 1092 688 1168 aequinoctium.
717 1091 757 1150 ita
773 1090 802 1148 iu
817 1088 942 1149 medulla
954 1087 1017 1148 rubi
1030 1091 1139 1149 semine

134 1177 294 1234 cucumeris
310 1175 395 1233 insito
413 1184 490 1234 terra
506 1177 610 1233 minuta
631 1176 756 1251 limoque
779 1175 1045 1249 circumaggeratas
1067 1174 1138 1232 resi·

133 1267 211 1318 stere
232 1259 335 1335 frigori
366 1258 490 1323 radices.
533 1255 723 1317 cucumerum
745 1257 848 1318 Graeci
875 1259 929 1315 tria
959 1274 1070 1332 genera
1096 1258 1137 1316 fe-

133 1361 213 1415 cere,
226 1342 409 1416 Laconicum,
422 1342 608 1416 Scytalicum,
619 1340 799 1401 Boeoticum.
823 1358 860 1400 ex
875 1339 919 1399 his
930 1348 1036 1399 tantum
1049 1340 1138 1399 Laco·

133 1429 225 1485 uicum
240 1443 313 1502 aqua
329 1424 467 1500 gaudere.
496 1433 559 1483 sunt
580 1425 627 1501 qui
649 1422 740 1483 herba
764 1442 838 1501 quae
861 1430 983 1482 vocatur
998 1424 1075 1482 culix
1089 1441 1139 1482 no·

97 1530 123 1571 cs
133 1511 213 1567 minc
224 1508 288 1567 trita
301 1525 506 1566 semeneorum
517 1516 691 1566 maceratum
704 1509 761 1566 seri
773 1505 899 1581 iubeant,
913 1513 944 1564 ut
956 1507 1017 1565 sine
1030 1506 1139 1565 semine

133 1599 296 1650 nascantur.
1129 1623 1132 1630 ·

197 1673 280 1753 (24.)
304 1673 409 1734 Similis
425 1682 453 1732 et
469 1673 623 1734 cucurbitis
639 1683 754 1750 natura,
772 1673 916 1732 dumtaxat
933 1675 961 1733 in
981 1672 1137 1733 nascendo.
1145 1683 1181 1740 69

133 1776 227 1836 aeque
242 1757 364 1818 hiemem
382 1756 486 1833 odere,
503 1766 597 1817 amant
610 1759 695 1834 rigua
710 1775 746 1817 ac
762 1758 866 1816 limum.
897 1765 1031 1817 seruntur
1054 1756 1137 1816 ambo

133 1843 242 1902 semine
259 1843 380 1901 interra
396 1841 594 1919 sesquipedali
609 1840 734 1918 fossura,
750 1842 827 1903 inter
841 1841 1055 1919 aequinoctium
1072 1859 1136 1899 ver·
1179 1907 1181 1910 ¹

95 1945 123 1987 oo
133 1945 198 1985 num
213 1934 242 1985 et
257 1926 419 2000 solstitium,
434 1923 575 1984 Parilibus
587 1935 682 1985 tamen
693 1926 851 2005 aptissime.
879 1925 967 2004 aliqui
979 1924 1086 1984 malunt
1101 1941 1139 1982 ex

132 2009 263 2070 kalendis
286 2010 368 2070 lllart.
393 2008 555 2068 cucurbitas
576 2018 605 2068 et
623 2010 707 2069 nonis
724 2009 850 2069 cucumis
871 2011 902 2067 ct
922 2027 976 2088 per
991 2008 1133 2085 Quinqua-

118 2103 192 2152 -trus
207 2110 324 2168 serare,
347 2092 430 2150 simili
448 2092 534 2151 modo
550 2092 730 2170 reptantibus
752 2092 876 2168 flagellis
898 2091 1063 2152 scandentis
1083 2109 1138 2168 per

133 2178 273 2253 parietum
295 2192 398 2251 aspera
421 2175 448 2232 in
472 2183 579 2233 tectum
600 2193 695 2252 usque
717 2185 816 2234 natura
843 2173 1022 2234 sublimitatis
1043 2175 1136 2236 auida.

134 2261 213 2317 vires
229 2260 290 2317 sine
306 2257 476 2317 adminiculo
492 2257 584 2317 standi
600 2276 658 2317 non
674 2267 754 2333 sunt,
777 2257 919 2316 velocitas
937 2259 1056 2334 pernix,
1079 2258 1136 2317 levi

96 2342 231 2401 cumbra
253 2358 382 2401 camaras
404 2358 439 2400 ac
458 2342 596 2419 pergulas
619 2342 764 2418 operiens.
793 2338 859 2398 inde
880 2339 954 2399 haec
977 2341 1067 2418 prima
1083 2341 1182 2405 duoto

133 2444 253 2504 genera,
271 2426 456 2485 camararium
473 2433 502 2484 et
518 2424 676 2502 plebeium,
695 2424 773 2501 quod
789 2422 864 2482 humi
878 2425 965 2503 repit.
996 2425 1135 2503 inpriore

132 2511 203 2568 mire
226 2511 304 2569 tenui
330 2507 466 2586 pediculo
488 2507 608 2567 libratur
625 2507 739 2585 pondus
755 2506 892 2566 inmobile
908 2525 1006 2567 aurae.
1037 2525 1136 2566 cucur-

133 2593 190 2651 bita
204 2609 319 2669 quoque
335 2593 409 2651 omui
425 2591 511 2651 modo
527 2591 694 2669 fastigatur,
717 2592 831 2668 vaginis
855 2607 986 2650 maxume
1001 2591 1136 2668 vitilibus,

135 2676 247 2734 coiecta
263 2677 291 2732 in
306 2692 357 2733 eas
373 2684 525 2752 postquam
541 2674 684 2750 defloruit,
700 2675 866 2752 crescitque
881 2693 937 2751 qua
953 2676 1066 2752 cogitur
1077 2676 1136 2735 lor·

96 2775 123 2816 ao
134 2776 189 2832 ma,
205 2758 373 2836 plerumque
389 2768 417 2818 et
432 2757 565 2818 draconis
580 2760 677 2818 intorti
693 2760 795 2835 ligura.
833 2758 967 2818 libertate
980 2776 1051 2819 vero
1066 2777 1135 2837 pen-

132 2841 178 2902 sili
196 2858 338 2900 concessa
352 2845 407 2901 iam
422 2841 482 2901 visa
498 2851 543 2901 est
554 2860 660 2902 novem
672 2842 776 2921 pedum
789 2841 984 2920 longitudinis.
1012 2844 1136 2919 particu-

132 2926 211 2985 latim
228 2926 354 2983 cucumis
371 2925 469 3000 floret,
492 2924 546 2985 sibi
569 2928 633 3005 ipse
654 2926 921 3004 supcrllorescens,
945 2934 974 2985 et
995 2925 1135 2984 sicciores

132 3010 218 3069 locos
230 3009 351 3086 patitur,
368 3007 487 3068 candida
501 3009 638 3085 lanugine
654 3008 806 3086 obductus,
823 3011 973 3087 magisque
991 3007 1055 3067 dum
1073 3026 1134 3068 cre·

132 3093 196 3151 scit.
226 3090 443 3151 Cucurbitarum
458 3095 638 3152 numerosior
649 3111 727 3151 usus.
756 3103 785 3153 et
796 3095 904 3172 primus
916 3093 1006 3153 caulis
1015 3094 1043 3151 in
1059 3092 1134 3168 cibo,
1145 3100 1179 3155 71

94 3185 218 3252 asatque
233 3193 271 3234 ex
287 3191 323 3234 eo
336 3175 364 3234 in
376 3183 467 3234 totum
477 3184 577 3234 natura
588 3175 713 3236 diversa.
731 3195 824 3255 nuper
836 3179 864 3237 in
876 3177 1043 3237 balnearum
1054 3194 1135 3235 usum

132 3276 241 3319 venero
255 3276 408 3319 urceorum
424 3260 499 3332 vice,
516 3257 681 3336 iampridem
693 3278 765 3320 vero
777 3263 862 3321 etiam
876 3260 1013 3321 cadorum
1025 3258 1060 3319 ad
1073 3260 1136 3317 vina

134 3342 293 3402 condenda.
327 3351 430 3403 cortex
445 3341 528 3401 viridi
543 3351 625 3401 tener
641 3343 788 3404 deraditur
802 3344 984 3405 nibilominus
1007 3345 1035 3401 in
1052 3341 1134 3400 cibis.

134 3423 215 3485 cibus
233 3426 350 3488 saluber
369 3444 404 3486 ac
419 3426 493 3485 levis
509 3425 638 3506 pluribus
658 3427 766 3504 modis,
790 3446 828 3487 en
842 3427 886 3486 his
904 3436 998 3486 tamen
1010 3425 1060 3501 qui
1071 3442 1136 3498 per-
