2422 3840
241 167 871 267 'mmmffifflm
1026 190 1088 251 w

87 357 192 416 minum
216 356 349 431 ingeniis.
389 357 563 434 colliguntur
579 373 702 432 namque
718 374 819 415 mense
836 355 908 416 lulio
926 358 1006 435 scapi
1028 376 1091 418 are·

87 449 204 500 scentes
228 439 270 498 lili
292 439 340 517 qui
362 440 574 517 suspenduntur
594 442 622 498 in
648 440 736 499 furno.
779 440 845 498 dein
871 440 1041 501 nudantibus
1059 461 1092 502 sc

88 523 202 583 nodulis
218 522 246 580 in
265 521 351 583 faece
369 525 444 600 nigri
458 525 517 582 vini
531 522 579 582 vel
593 522 698 582 Graeci
714 541 812 584 meuse
827 526 927 586 llartio
943 543 1091 586 maceran-

88 616 133 666 tur
155 615 186 664 ut
209 606 339 665 colorem
361 607 523 685 percipiant
546 616 632 685 atque
652 607 691 667 ita
714 609 743 665 in
765 606 937 668 scrobiculis
958 619 1093 670 seruntur

66 690 209 751 cheminis
228 690 321 750 faecis
339 690 529 750 circumfusis.
562 692 605 749 sic
623 689 691 750 llnnt
711 707 858 768 purpurea
880 692 956 768 lilia,
978 695 1092 755 mirum-

88 791 145 852 que
160 775 250 850 tingui
267 773 374 850 aliquid
389 782 420 833 ut
433 783 569 836 nascatur
586 773 733 837 iniectum.

147 857 177 918 6.
202 858 287 936 (14.)
309 856 404 918 Violis
415 858 508 918 honos
521 875 689 938 proxumus,
706 875 863 936 earumque
876 857 1133 936 peragenorem

87 958 267 1020 purpureae,
289 941 403 1018 luteae,
426 943 527 1018 albae,
548 943 655 1020 plantis
680 959 779 1002 omues
796 951 827 1001 ut
848 942 913 1001 olus
933 952 1023 1005 satae.
1056 962 1093 1002 ex

88 1028 123 1086 iis
138 1043 209 1086 vero
226 1043 300 1104 qnae
316 1035 421 1104 sponte
437 1028 543 1104 apricis
566 1036 595 1086 et
616 1028 722 1086 macris
742 1026 816 1087 locis
834 1028 1006 1104 proveniunt
1026 1046 1092 1106 pnr-

55 1127 198 1187 mpureae
219 1111 323 1170 latiore
343 1110 415 1170 lolio
431 1112 525 1170 statim
541 1110 578 1170 ab
596 1109 696 1171 radice
718 1127 841 1171 carnoso
858 1120 979 1188 exeunt,
998 1111 1092 1172 solae·

88 1211 145 1272 qne
164 1193 277 1254 Graeco
300 1197 414 1255 nomine
434 1213 451 1254 a
473 1196 579 1255 ceteris
601 1195 818 1270 discernuntur,
841 1194 1006 1273 appellatae
1022 1197 1049 1256 ia
1066 1205 1095 1255 et

88 1277 124 1337 ab
150 1277 193 1336 his
216 1278 340 1337 ianthina
360 1280 463 1337 vestis.
495 1278 520 1337 lt
543 1279 643 1337 sativis
662 1295 794 1338 maxuma
818 1279 974 1338 auotoritas
996 1279 1092 1339 luteis.

87 1377 197 1437 genera
221 1361 256 1418 iis
281 1358 443 1421 Tusculana
467 1369 497 1420 et
519 1378 594 1439 quae
616 1361 724 1422 marina
741 1361 924 1440 appellatur,
948 1362 1019 1422 lolio
1042 1363 1093 1421 ali-

89 1453 194 1521 quanto
209 1443 330 1519 latiora,
347 1444 399 1505 sed
414 1445 506 1504 minus
523 1443 655 1505 odorato.
677 1446 705 1503 in
723 1454 814 1504 toturn
828 1461 900 1503 vero
922 1445 983 1503 sine
1001 1447 1092 1504 odore

55 1550 81 1593 15
89 1528 255 1604 minutoque
272 1526 345 1587 lolio
361 1525 526 1602 Galatiana,
545 1545 645 1587 munus
664 1530 804 1606 autumni,
821 1536 939 1587 ceterae
954 1529 1043 1588 veris.

153 1610 237 1688 (15.)
261 1609 403 1670 Proxuma
425 1613 452 1670 ei
473 1611 567 1670 caltha
588 1621 634 1671 est
656 1621 685 1670 et
705 1611 873 1672 conchulari
895 1612 1136 1689 amplitudinem

89 1694 177 1753 vincit
200 1711 319 1754 numero
339 1693 475 1754 loliorum
498 1696 635 1754 marinam
660 1697 786 1774 quinque
809 1712 867 1754 non
891 1695 1092 1755 excedentem.

90 1776 191 1836 eadem
206 1776 298 1837 odore
317 1787 486 1857 superatur,
504 1788 550 1837 est
565 1780 640 1838 enirn
654 1780 754 1856 gravis
770 1779 895 1839 calthae.
927 1796 984 1837 non
1001 1777 1095 1838 levior

84 1862 118 1920 ei
148 1879 232 1940 quam
258 1879 377 1940 scopam
404 1863 515 1939 regiam
541 1863 708 1941 appellant,
741 1880 911 1941 quamquam
934 1862 1006 1924 folia
1032 1864 1094 1922 eius

54 1969 80 2011 20
91 1946 186 2022 olent,
204 1962 262 2005 non
276 1945 376 2006 flores.
848 1955 850 1959 ’

132 2062 134 2067 ·
153 2030 237 2107 (16.)
259 2028 370 2091 baccar
385 2047 502 2108 quoque
517 2030 623 2090 radicis
641 2038 748 2091 tautum
768 2030 909 2091 odoratae
922 2038 981 2106 est,
1001 2031 1090 2106 aqui·
1103 2037 1137 2091 19

89 2112 208 2171 busdam
223 2113 342 2172 nardum
359 2116 497 2172 rusticum
512 2113 697 2189 appellatum.
729 2121 874 2189 unguenta
890 2132 927 2172 ex
944 2131 979 2172 ea
996 2112 1095 2172 radice

90 2195 153 2253 lieri
174 2194 260 2255 solita
282 2195 359 2272 apud
385 2197 518 2273 antiquos
549 2193 761 2272 Aristophanes
782 2198 898 2272 priscae
926 2197 1094 2254 comoediae

91 2286 179 2356 poeta
199 2279 283 2337 testis
301 2286 356 2337 est.
387 2279 462 2338 unde
485 2277 600 2356 quidam
617 2294 719 2337 errore
736 2277 811 2337 ialso
828 2277 1010 2337 barbaricam
1032 2294 1095 2336 earn

55 2360 287 2439 coappellabant.
325 2363 400 2422 odor
422 2371 468 2421 est
490 2362 669 2420 cinnamomo
695 2378 862 2440 proxumus.
901 2359 1004 2437 gracili
1030 2360 1095 2419 solo

90 2464 146 2506 nec
171 2446 264 2506 umido
286 2446 429 2524 provenit.
470 2445 642 2504 simillimum
666 2445 694 2502 ei
716 2445 894 2505 combretum
916 2443 1090 2522 appellatur,
1104 2453 1139 2507 30

90 2530 226 2589 loliorum
250 2531 379 2589 exilitate
396 2546 488 2606 usque
504 2529 532 2586 in
548 2527 596 2587 tila
611 2537 775 2605 attenuata,
799 2538 827 2588 et
843 2528 996 2608 procerius
1012 2544 1096 2604 quam

89 2614 208 2672 baccar.
225 2610 258 2650 **
273 2612 348 2671 baec
368 2621 443 2671 sunt.
474 2619 581 2670 tautum
599 2628 698 2670 eorum
716 2629 832 2690 quoque
847 2630 931 2672 error
946 2612 1096 2688 corrigen-

92 2697 145 2755 dus
164 2703 208 2754 est
230 2697 277 2773 qui
299 2694 407 2755 baccar
427 2695 564 2754 rusticum
585 2694 704 2754 nardum
725 2695 923 2775 appellavere.
954 2703 1000 2754 est
1022 2696 1096 2754 enim

56 2779 149 2840 coalia
162 2777 254 2837 herba
269 2780 312 2838 sio
325 2781 526 2856 cognominata
544 2796 630 2858 quam
646 2777 750 2839 Gracci
766 2796 870 2840 aaaron
884 2788 1001 2855 vocant,
1015 2780 1096 2837 euius

91 2863 222 2941 speciem
234 2862 413 2942 ligurumque
429 2865 550 2925 diximus
565 2864 593 2922 in
607 2863 688 2923 nardi
700 2864 867 2940 generibus.
890 2865 957 2943 quin
969 2865 1055 2922 immo
1078 2880 1106 2923 c,
1116 2879 1138 2915 o

93 2963 198 3007 asaron
215 2948 331 3006 invenio
347 2949 485 3024 vocitari,
505 2949 641 3026 quoniam
657 2949 685 3006 in
702 2963 825 3006 coronas
841 2965 898 3007 non
915 2947 1044 3007 addatur.

156 3030 240 3108 (17.)
270 3027 395 3090 Crocum
420 3031 555 3091 silvestre
578 3040 733 3110 optumum.
766 3048 867 3091 serere
890 3033 918 3089 in
940 3030 1022 3090 ltalia
1045 3030 1137 3092 mi·3l

91 3133 176 3175 nume
195 3113 331 3192 expedit,
353 3115 389 3174 ad
410 3114 546 3193 scrupula
566 3132 659 3192 usque
680 3114 793 3190 singula
817 3115 892 3174 areis
908 3114 1096 3192 decoquenti-

58 3198 155 3262 acbus.
189 3200 294 3259 seritur
313 3197 419 3258 radicis
440 3197 541 3258 bulbo.
573 3199 695 3256 sativom
716 3197 800 3257 latius
816 3199 965 3275 maiusque
987 3206 1015 3255 et
1033 3197 1096 3255 niti-

94 3283 173 3358 dius,
196 3282 249 3347 sed
268 3282 359 3343 multo
381 3282 493 3356 lenius,
516 3280 697 3357 degenerans
718 3281 842 3359 ubique,
863 3299 919 3340 neo
943 3279 1097 3337 fecundum

95 3366 179 3424 etiam
195 3364 334 3442 Cyrenis,
352 3365 400 3425 ubi
418 3381 534 3442 seruper
550 3363 639 3423 llores
655 3363 851 3424 laudatissimi.
881 3364 972 3441 prima
993 3361 1096 3421 nobili·

94 3456 139 3507 tas
151 3445 254 3510 Giliclo
270 3459 300 3509 et
314 3449 354 3508 ibi
369 3450 399 3508 in
410 3446 527 3523 Coryco
539 3455 653 3522 monte,
673 3447 740 3506 dein
755 3447 862 3522 Lyciae
874 3444 1004 3519 illumne
1014 3460 1115 3515 ,mox
