<?xml version="1.0" encoding="UTF-8"?>
<!DOCTYPE html PUBLIC "-//W3C//DTD XHTML 1.0 Transitional//EN"
    "http://www.w3.org/TR/xhtml1/DTD/xhtml1-transitional.dtd">
<html xmlns="http://www.w3.org/1999/xhtml" xml:lang="en" lang="en">
 <head>
  <title>
</title>
<meta http-equiv="Content-Type" content="text/html;charset=utf-8" />
  <meta name='ocr-system' content='tesseract 3.04.00' />
  <meta name='ocr-capabilities' content='ocr_page ocr_carea ocr_par ocr_line ocrx_word'/>
</head>
<body>
  <div class='ocr_page' id='page_1' title='image "./cplinisecundina04plingoog_0106.png"; bbox 0 0 2422 3840; ppageno 0'>
   <div class='ocr_carea' id='block_1_1' title="bbox 326 185 1093 265">
    <p class='ocr_par' dir='ltr' id='par_1_1' title="bbox 326 185 1093 265">
     <span class='ocr_line' id='line_1_1' title="bbox 326 185 1093 265; baseline 0 -22"><span class='ocrx_word' id='word_1_1' title='bbox 326 197 406 244; x_wconf 78' lang='lat' dir='ltr'><strong>nnn.</strong></span> <span class='ocrx_word' id='word_1_2' title='bbox 424 197 515 244; x_wconf 84' lang='lat' dir='ltr'><strong>nrsn.</strong></span> <span class='ocrx_word' id='word_1_3' title='bbox 528 199 613 245; x_wconf 86' lang='lat' dir='ltr'><strong>xvn.</strong></span> <span class='ocrx_word' id='word_1_4' title='bbox 630 197 715 248; x_wconf 79' lang='lat'><strong>1-2.</strong></span> <span class='ocrx_word' id='word_1_5' title='bbox 730 185 845 265; x_wconf 60' lang='lat'><strong>(1-12.)</strong></span> <span class='ocrx_word' id='word_1_6' title='bbox 1052 185 1093 244; x_wconf 85' lang='grc'><strong>47</strong></span> 
     </span>
    </p>
   </div>
   <div class='ocr_carea' id='block_1_2' title="bbox 59 350 1136 2931">
    <p class='ocr_par' dir='ltr' id='par_1_2' title="bbox 79 350 1124 1100">
     <span class='ocr_line' id='line_1_2' title="bbox 100 350 1095 431; baseline 0 -21"><span class='ocrx_word' id='word_1_7' title='bbox 100 350 215 429; x_wconf 88' lang='lat' dir='ltr'><strong>legibus</strong></span> <span class='ocrx_word' id='word_1_8' title='bbox 229 352 351 429; x_wconf 80' lang='lat' dir='ltr'><strong>priscis,</strong></span> <span class='ocrx_word' id='word_1_9' title='bbox 368 361 538 431; x_wconf 87' lang='lat' dir='ltr'><strong>cautumque</strong></span> <span class='ocrx_word' id='word_1_10' title='bbox 553 364 597 414; x_wconf 90' lang='lat' dir='ltr'><strong>est</strong></span> <span class='ocrx_word' id='word_1_11' title='bbox 612 368 664 414; x_wconf 72' lang='grc' dir='ltr'><strong>ΧΠ</strong></span> <span class='ocrx_word' id='word_1_12' title='bbox 679 352 783 414; x_wconf 86' lang='lat' dir='ltr'><strong>tabulis</strong></span> <span class='ocrx_word' id='word_1_13' title='bbox 799 353 890 429; x_wconf 89' lang='lat' dir='ltr'><strong>utqui</strong></span> <span class='ocrx_word' id='word_1_14' title='bbox 905 351 1006 410; x_wconf 85' lang='lat' dir='ltr'><strong>iniuria</strong></span> <span class='ocrx_word' id='word_1_15' title='bbox 1019 351 1095 410; x_wconf 90' lang='lat' dir='ltr'><strong>ceci·</strong></span> 
     </span>
     <span class='ocr_line' id='line_1_3' title="bbox 100 434 1094 516; baseline -0.003 -21"><span class='ocrx_word' id='word_1_16' title='bbox 100 435 192 495; x_wconf 80' lang='lat' dir='ltr'><strong>disset</strong></span> <span class='ocrx_word' id='word_1_17' title='bbox 207 434 317 495; x_wconf 92' lang='lat' dir='ltr'><strong>alienas</strong></span> <span class='ocrx_word' id='word_1_18' title='bbox 332 435 427 495; x_wconf 89' lang='lat' dir='ltr'><strong>lueret</strong></span> <span class='ocrx_word' id='word_1_19' title='bbox 446 437 474 496; x_wconf 90' lang='lat' dir='ltr'><strong>in</strong></span> <span class='ocrx_word' id='word_1_20' title='bbox 495 439 625 516; x_wconf 89' lang='lat' dir='ltr'><strong>singulas</strong></span> <span class='ocrx_word' id='word_1_21' title='bbox 644 438 722 498; x_wconf 91' lang='lat' dir='ltr'><strong>aeris</strong></span> <span class='ocrx_word' id='word_1_22' title='bbox 750 450 832 496; x_wconf 86' lang='lat' dir='ltr'><strong>xxv.</strong></span> <span class='ocrx_word' id='word_1_23' title='bbox 857 435 925 513; x_wconf 92' lang='lat' dir='ltr'><strong>quid</strong></span> <span class='ocrx_word' id='word_1_24' title='bbox 951 435 1094 493; x_wconf 84' lang='lat' dir='ltr'><strong>existima·</strong></span> 
     </span>
     <span class='ocr_line' id='line_1_4' title="bbox 99 518 1095 600; baseline -0.001 -23"><span class='ocrx_word' id='word_1_25' title='bbox 99 536 173 593; x_wconf 88' lang='lat' dir='ltr'><strong>mus,</strong></span> <span class='ocrx_word' id='word_1_26' title='bbox 185 527 358 579; x_wconf 74' lang='lat' dir='ltr'><strong>venturasne</strong></span> <span class='ocrx_word' id='word_1_27' title='bbox 370 537 420 581; x_wconf 89' lang='lat' dir='ltr'><strong>eas</strong></span> <span class='ocrx_word' id='word_1_28' title='bbox 434 521 594 581; x_wconf 80' lang='lat' dir='ltr'><strong>credidisse</strong></span> <span class='ocrx_word' id='word_1_29' title='bbox 606 522 642 581; x_wconf 91' lang='lat' dir='ltr'><strong>ad</strong></span> <span class='ocrx_word' id='word_1_30' title='bbox 653 539 741 600; x_wconf 91' lang='lat' dir='ltr'><strong>supra</strong></span> <span class='ocrx_word' id='word_1_31' title='bbox 753 521 856 580; x_wconf 89' lang='lat' dir='ltr'><strong>dictam</strong></span> <span class='ocrx_word' id='word_1_32' title='bbox 869 518 1095 578; x_wconf 81' lang='lat' dir='ltr'><strong>aestimationem</strong></span> 
     </span>
     <span class='ocr_line' id='line_1_5' title="bbox 100 600 1124 681; baseline -0.002 -21"><span class='ocrx_word' id='word_1_33' title='bbox 100 601 168 661; x_wconf 92' lang='lat' dir='ltr'><strong>illos</strong></span> <span class='ocrx_word' id='word_1_34' title='bbox 189 602 236 679; x_wconf 91' lang='lat' dir='ltr'><strong>qni</strong></span> <span class='ocrx_word' id='word_1_35' title='bbox 258 602 414 681; x_wconf 89' lang='lat' dir='ltr'><strong>frugiferas</strong></span> <span class='ocrx_word' id='word_1_36' title='bbox 435 605 504 663; x_wconf 86' lang='lat' dir='ltr'><strong>tanti</strong></span> <span class='ocrx_word' id='word_1_37' title='bbox 521 602 710 665; x_wconf 79' lang='lat' dir='ltr'><strong>taxaverant?</strong></span> <span class='ocrx_word' id='word_1_38' title='bbox 739 603 803 662; x_wconf 90' lang='lat' dir='ltr'><strong>Nec</strong></span> <span class='ocrx_word' id='word_1_39' title='bbox 819 603 910 661; x_wconf 87' lang='lat' dir='ltr'><strong>minus</strong></span> <span class='ocrx_word' id='word_1_40' title='bbox 928 600 1124 665; x_wconf 75' lang='lat' dir='ltr'><strong>miraculumss</strong></span> 
     </span>
     <span class='ocr_line' id='line_1_6' title="bbox 79 684 1094 763; baseline -0.002 -19"><span class='ocrx_word' id='word_1_41' title='bbox 79 687 132 744; x_wconf 77' lang='lat' dir='ltr'><strong>tin</strong></span> <span class='ocrx_word' id='word_1_42' title='bbox 151 702 238 763; x_wconf 91' lang='lat' dir='ltr'><strong>pomo</strong></span> <span class='ocrx_word' id='word_1_43' title='bbox 254 695 300 745; x_wconf 90' lang='lat' dir='ltr'><strong>est</strong></span> <span class='ocrx_word' id='word_1_44' title='bbox 314 687 465 746; x_wconf 89' lang='lat' dir='ltr'><strong>multarum</strong></span> <span class='ocrx_word' id='word_1_45' title='bbox 480 689 557 747; x_wconf 89' lang='lat' dir='ltr'><strong>circa</strong></span> <span class='ocrx_word' id='word_1_46' title='bbox 573 688 736 748; x_wconf 91' lang='lat' dir='ltr'><strong>suburbana</strong></span> <span class='ocrx_word' id='word_1_47' title='bbox 751 686 845 745; x_wconf 89' lang='lat' dir='ltr'><strong>fructu</strong></span> <span class='ocrx_word' id='word_1_48' title='bbox 863 702 956 744; x_wconf 92' lang='lat' dir='ltr'><strong>annuo</strong></span> <span class='ocrx_word' id='word_1_49' title='bbox 978 684 1094 744; x_wconf 89' lang='lat' dir='ltr'><strong>addicto</strong></span> 
     </span>
     <span class='ocr_line' id='line_1_7' title="bbox 100 768 1095 847; baseline -0.002 -20"><span class='ocrx_word' id='word_1_50' title='bbox 100 768 173 828; x_wconf 89' lang='lat' dir='ltr'><strong>binis</strong></span> <span class='ocrx_word' id='word_1_51' title='bbox 185 769 299 828; x_wconf 89' lang='lat' dir='ltr'><strong>milibus</strong></span> <span class='ocrx_word' id='word_1_52' title='bbox 314 786 471 846; x_wconf 90' lang='lat' dir='ltr'><strong>nummum,</strong></span> <span class='ocrx_word' id='word_1_53' title='bbox 493 772 603 830; x_wconf 88' lang='lat' dir='ltr'><strong>maiore</strong></span> <span class='ocrx_word' id='word_1_54' title='bbox 619 771 794 847; x_wconf 86' lang='lat' dir='ltr'><strong>singularum</strong></span> <span class='ocrx_word' id='word_1_55' title='bbox 815 768 909 827; x_wconf 92' lang='lat' dir='ltr'><strong>reditu</strong></span> <span class='ocrx_word' id='word_1_56' title='bbox 933 785 1016 843; x_wconf 91' lang='lat' dir='ltr'><strong>quam</strong></span> <span class='ocrx_word' id='word_1_57' title='bbox 1032 776 1095 827; x_wconf 91' lang='lat' dir='ltr'><strong>erat</strong></span> 
     </span>
     <span class='ocr_line' id='line_1_8' title="bbox 99 850 1094 931; baseline -0.006 -18"><span class='ocrx_word' id='word_1_58' title='bbox 99 851 174 931; x_wconf 91' lang='lat' dir='ltr'><strong>apud</strong></span> <span class='ocrx_word' id='word_1_59' title='bbox 196 854 329 929; x_wconf 92' lang='lat' dir='ltr'><strong>antiquos</strong></span> <span class='ocrx_word' id='word_1_60' title='bbox 350 853 544 929; x_wconf 89' lang='lat' dir='ltr'><strong>praediorum.</strong></span> <span class='ocrx_word' id='word_1_61' title='bbox 575 854 613 914; x_wconf 95' lang='lat' dir='ltr'><strong>ob</strong></span> <span class='ocrx_word' id='word_1_62' title='bbox 632 854 689 914; x_wconf 89' lang='lat' dir='ltr'><strong>hoc</strong></span> <span class='ocrx_word' id='word_1_63' title='bbox 712 854 796 911; x_wconf 90' lang='lat' dir='ltr'><strong>insita</strong></span> <span class='ocrx_word' id='word_1_64' title='bbox 816 861 846 910; x_wconf 93' lang='lat' dir='ltr'><strong>et</strong></span> <span class='ocrx_word' id='word_1_65' title='bbox 869 850 1004 911; x_wconf 89' lang='lat' dir='ltr'><strong>arborum</strong></span> <span class='ocrx_word' id='word_1_66' title='bbox 1024 865 1094 927; x_wconf 92' lang='lat' dir='ltr'><strong>qno-</strong></span> 
     </span>
     <span class='ocr_line' id='line_1_9' title="bbox 99 933 1094 1016; baseline -0.004 -22"><span class='ocrx_word' id='word_1_67' title='bbox 99 953 156 1013; x_wconf 90' lang='lat' dir='ltr'><strong>que</strong></span> <span class='ocrx_word' id='word_1_68' title='bbox 170 935 311 995; x_wconf 91' lang='lat' dir='ltr'><strong>adulteria</strong></span> <span class='ocrx_word' id='word_1_69' title='bbox 321 937 489 1011; x_wconf 86' lang='lat' dir='ltr'><strong>excogitata</strong></span> <span class='ocrx_word' id='word_1_70' title='bbox 500 947 576 1014; x_wconf 92' lang='lat' dir='ltr'><strong>sunt,</strong></span> <span class='ocrx_word' id='word_1_71' title='bbox 592 947 623 997; x_wconf 92' lang='lat' dir='ltr'><strong>ut</strong></span> <span class='ocrx_word' id='word_1_72' title='bbox 635 956 691 998; x_wconf 87' lang='lat' dir='ltr'><strong>nec</strong></span> <span class='ocrx_word' id='word_1_73' title='bbox 703 953 789 1016; x_wconf 91' lang='lat' dir='ltr'><strong>poma</strong></span> <span class='ocrx_word' id='word_1_74' title='bbox 803 933 981 1013; x_wconf 91' lang='lat' dir='ltr'><strong>pauperibus</strong></span> <span class='ocrx_word' id='word_1_75' title='bbox 992 950 1094 992; x_wconf 92' lang='lat' dir='ltr'><strong>nasce·</strong></span> 
     </span>
     <span class='ocr_line' id='line_1_10' title="bbox 98 1015 1123 1100; baseline 0.001 -23"><span class='ocrx_word' id='word_1_76' title='bbox 98 1027 207 1078; x_wconf 90' lang='lat' dir='ltr'><strong>rentur.</strong></span> <span class='ocrx_word' id='word_1_77' title='bbox 232 1017 314 1078; x_wconf 91' lang='lat' dir='ltr'><strong>Nunc</strong></span> <span class='ocrx_word' id='word_1_78' title='bbox 326 1035 398 1097; x_wconf 88' lang='lat' dir='ltr'><strong>ergo</strong></span> <span class='ocrx_word' id='word_1_79' title='bbox 414 1019 543 1082; x_wconf 88' lang='lat' dir='ltr'><strong>dicemus</strong></span> <span class='ocrx_word' id='word_1_80' title='bbox 555 1038 613 1100; x_wconf 95' lang='lat' dir='ltr'><strong>quo</strong></span> <span class='ocrx_word' id='word_1_81' title='bbox 624 1039 756 1083; x_wconf 80' lang='lat' dir='ltr'><strong>maxume</strong></span> <span class='ocrx_word' id='word_1_82' title='bbox 771 1019 857 1079; x_wconf 91' lang='lat' dir='ltr'><strong>modo</strong></span> <span class='ocrx_word' id='word_1_83' title='bbox 873 1026 980 1077; x_wconf 91' lang='lat' dir='ltr'><strong>tantum</strong></span> <span class='ocrx_word' id='word_1_84' title='bbox 998 1034 1036 1074; x_wconf 87' lang='lat' dir='ltr'><strong>ex</strong></span> <span class='ocrx_word' id='word_1_85' title='bbox 1050 1015 1123 1078; x_wconf 72' lang='lat' dir='ltr'><strong>hist)</strong></span> 
     </span>
    </p>

    <p class='ocr_par' dir='ltr' id='par_1_3' title="bbox 63 1101 1095 1511">
     <span class='ocr_line' id='line_1_11' title="bbox 63 1101 1094 1180; baseline -0.002 -21"><span class='ocrx_word' id='word_1_86' title='bbox 63 1119 89 1159; x_wconf 88' lang='lat'><strong>10</strong></span> <span class='ocrx_word' id='word_1_87' title='bbox 98 1102 226 1178; x_wconf 82' lang='lat' dir='ltr'><strong>vectigal</strong></span> <span class='ocrx_word' id='word_1_88' title='bbox 239 1104 395 1180; x_wconf 88' lang='lat' dir='ltr'><strong>contingat,</strong></span> <span class='ocrx_word' id='word_1_89' title='bbox 407 1121 506 1163; x_wconf 89' lang='lat' dir='ltr'><strong>veram</strong></span> <span class='ocrx_word' id='word_1_90' title='bbox 518 1105 633 1164; x_wconf 90' lang='lat' dir='ltr'><strong>colendi</strong></span> <span class='ocrx_word' id='word_1_91' title='bbox 644 1106 785 1164; x_wconf 89' lang='lat' dir='ltr'><strong>rationem</strong></span> <span class='ocrx_word' id='word_1_92' title='bbox 796 1101 1015 1177; x_wconf 89' lang='lat' dir='ltr'><strong>absolutamque</strong></span> <span class='ocrx_word' id='word_1_93' title='bbox 1028 1116 1094 1177; x_wconf 91' lang='lat' dir='ltr'><strong>pro-</strong></span> 
     </span>
     <span class='ocr_line' id='line_1_12' title="bbox 100 1185 1094 1264; baseline -0.003 -20"><span class='ocrx_word' id='word_1_94' title='bbox 100 1185 200 1261; x_wconf 91' lang='lat' dir='ltr'><strong>dituri,</strong></span> <span class='ocrx_word' id='word_1_95' title='bbox 225 1194 254 1244; x_wconf 91' lang='lat' dir='ltr'><strong>et</strong></span> <span class='ocrx_word' id='word_1_96' title='bbox 275 1186 343 1246; x_wconf 94' lang='lat' dir='ltr'><strong>ideo</strong></span> <span class='ocrx_word' id='word_1_97' title='bbox 366 1203 424 1245; x_wconf 94' lang='lat' dir='ltr'><strong>non</strong></span> <span class='ocrx_word' id='word_1_98' title='bbox 445 1188 563 1264; x_wconf 81' lang='lat' dir='ltr'><strong>volgata</strong></span> <span class='ocrx_word' id='word_1_99' title='bbox 580 1188 781 1262; x_wconf 86' lang='lat' dir='ltr'><strong>tractabimus,</strong></span> <span class='ocrx_word' id='word_1_100' title='bbox 798 1204 854 1245; x_wconf 90' lang='lat' dir='ltr'><strong>nec</strong></span> <span class='ocrx_word' id='word_1_101' title='bbox 869 1202 943 1263; x_wconf 90' lang='lat' dir='ltr'><strong>qnae</strong></span> <span class='ocrx_word' id='word_1_102' title='bbox 960 1192 1094 1242; x_wconf 87' lang='lat' dir='ltr'><strong>constare</strong></span> 
     </span>
     <span class='ocr_line' id='line_1_13' title="bbox 98 1267 1094 1349; baseline -0.004 -20"><span class='ocrx_word' id='word_1_103' title='bbox 98 1269 190 1329; x_wconf 90' lang='lat' dir='ltr'><strong>auimo</strong></span> <span class='ocrx_word' id='word_1_104' title='bbox 207 1270 393 1346; x_wconf 85' lang='lat' dir='ltr'><strong>advertimus,</strong></span> <span class='ocrx_word' id='word_1_105' title='bbox 409 1271 462 1331; x_wconf 92' lang='lat' dir='ltr'><strong>sed</strong></span> <span class='ocrx_word' id='word_1_106' title='bbox 476 1272 587 1332; x_wconf 88' lang='lat' dir='ltr'><strong>incerta</strong></span> <span class='ocrx_word' id='word_1_107' title='bbox 599 1281 685 1349; x_wconf 90' lang='lat' dir='ltr'><strong>atque</strong></span> <span class='ocrx_word' id='word_1_108' title='bbox 697 1269 793 1346; x_wconf 88' lang='lat' dir='ltr'><strong>dubia,</strong></span> <span class='ocrx_word' id='word_1_109' title='bbox 809 1271 837 1329; x_wconf 93' lang='lat' dir='ltr'><strong>in</strong></span> <span class='ocrx_word' id='word_1_110' title='bbox 849 1267 951 1346; x_wconf 92' lang='lat' dir='ltr'><strong>quibus</strong></span> <span class='ocrx_word' id='word_1_111' title='bbox 962 1285 1094 1326; x_wconf 86' lang='lat' dir='ltr'><strong>maxume</strong></span> 
     </span>
     <span class='ocr_line' id='line_1_14' title="bbox 97 1351 1095 1433; baseline -0.003 -22"><span class='ocrx_word' id='word_1_112' title='bbox 97 1352 206 1412; x_wconf 88' lang='lat' dir='ltr'><strong>fallitur</strong></span> <span class='ocrx_word' id='word_1_113' title='bbox 216 1354 283 1412; x_wconf 89' lang='lat' dir='ltr'><strong>vita.</strong></span> <span class='ocrx_word' id='word_1_114' title='bbox 313 1372 379 1414; x_wconf 93' lang='lat' dir='ltr'><strong>nam</strong></span> <span class='ocrx_word' id='word_1_115' title='bbox 404 1354 582 1432; x_wconf 81' lang='lat' dir='ltr'><strong>diligentiam</strong></span> <span class='ocrx_word' id='word_1_116' title='bbox 604 1357 633 1414; x_wconf 90' lang='lat' dir='ltr'><strong>in</strong></span> <span class='ocrx_word' id='word_1_117' title='bbox 653 1355 842 1433; x_wconf 88' lang='lat' dir='ltr'><strong>supervacuis</strong></span> <span class='ocrx_word' id='word_1_118' title='bbox 867 1351 1016 1412; x_wconf 85' lang='lat' dir='ltr'><strong>adfectare</strong></span> <span class='ocrx_word' id='word_1_119' title='bbox 1036 1368 1095 1409; x_wconf 93' lang='lat' dir='ltr'><strong>non</strong></span> 
     </span>
     <span class='ocr_line' id='line_1_15' title="bbox 96 1433 1095 1511; baseline -0.003 -16"><span class='ocrx_word' id='word_1_120' title='bbox 96 1444 226 1496; x_wconf 88' lang='lat' dir='ltr'><strong>nostrum</strong></span> <span class='ocrx_word' id='word_1_121' title='bbox 236 1445 290 1495; x_wconf 91' lang='lat' dir='ltr'><strong>est.</strong></span> <span class='ocrx_word' id='word_1_122' title='bbox 330 1447 396 1496; x_wconf 90' lang='lat' dir='ltr'><strong>ante</strong></span> <span class='ocrx_word' id='word_1_123' title='bbox 422 1440 516 1498; x_wconf 92' lang='lat' dir='ltr'><strong>omnia</strong></span> <span class='ocrx_word' id='word_1_124' title='bbox 541 1447 637 1498; x_wconf 90' lang='lat' dir='ltr'><strong>autem</strong></span> <span class='ocrx_word' id='word_1_125' title='bbox 660 1440 689 1497; x_wconf 94' lang='lat' dir='ltr'><strong>in</strong></span> <span class='ocrx_word' id='word_1_126' title='bbox 712 1438 877 1496; x_wconf 88' lang='lat' dir='ltr'><strong>universum</strong></span> <span class='ocrx_word' id='word_1_127' title='bbox 903 1443 933 1494; x_wconf 90' lang='lat' dir='ltr'><strong>et</strong></span> <span class='ocrx_word' id='word_1_128' title='bbox 957 1451 1032 1511; x_wconf 91' lang='lat' dir='ltr'><strong>qnae</strong></span> <span class='ocrx_word' id='word_1_129' title='bbox 1057 1433 1095 1492; x_wconf 89' lang='lat' dir='ltr'><strong>ad</strong></span> 
     </span>
    </p>

    <p class='ocr_par' dir='ltr' id='par_1_4' title="bbox 61 1517 1094 1680">
     <span class='ocr_line' id='line_1_16' title="bbox 61 1517 1094 1598; baseline -0.001 -20"><span class='ocrx_word' id='word_1_130' title='bbox 61 1537 87 1578; x_wconf 83' lang='lat' dir='ltr'><strong>m</strong></span> <span class='ocrx_word' id='word_1_131' title='bbox 98 1527 201 1579; x_wconf 90' lang='lat' dir='ltr'><strong>cuncta</strong></span> <span class='ocrx_word' id='word_1_132' title='bbox 217 1519 352 1579; x_wconf 91' lang='lat' dir='ltr'><strong>arborum</strong></span> <span class='ocrx_word' id='word_1_133' title='bbox 364 1538 473 1597; x_wconf 82' lang='lat' dir='ltr'><strong>genera</strong></span> <span class='ocrx_word' id='word_1_134' title='bbox 487 1522 633 1598; x_wconf 85' lang='lat' dir='ltr'><strong>pertinent</strong></span> <span class='ocrx_word' id='word_1_135' title='bbox 647 1523 675 1578; x_wconf 93' lang='lat' dir='ltr'><strong>in</strong></span> <span class='ocrx_word' id='word_1_136' title='bbox 690 1537 839 1579; x_wconf 88' lang='lat' dir='ltr'><strong>commune</strong></span> <span class='ocrx_word' id='word_1_137' title='bbox 852 1519 888 1578; x_wconf 92' lang='lat' dir='ltr'><strong>de</strong></span> <span class='ocrx_word' id='word_1_138' title='bbox 905 1517 988 1577; x_wconf 86' lang='lat' dir='ltr'><strong>caelo</strong></span> <span class='ocrx_word' id='word_1_139' title='bbox 1003 1526 1094 1577; x_wconf 88' lang='lat' dir='ltr'><strong>terra·</strong></span> 
     </span>
     <span class='ocr_line' id='line_1_17' title="bbox 97 1602 308 1680; baseline 0 -20"><span class='ocrx_word' id='word_1_140' title='bbox 97 1620 154 1680; x_wconf 93' lang='lat' dir='ltr'><strong>que</strong></span> <span class='ocrx_word' id='word_1_141' title='bbox 169 1602 308 1662; x_wconf 89' lang='lat' dir='ltr'><strong>dicemus.</strong></span> 
     </span>
    </p>

    <p class='ocr_par' dir='ltr' id='par_1_5' title="bbox 96 1682 1136 1932">
     <span class='ocr_line' id='line_1_18' title="bbox 160 1682 1136 1764; baseline 0.003 -21"><span class='ocrx_word' id='word_1_142' title='bbox 160 1684 188 1745; x_wconf 83' lang='lat'><strong>2.</strong></span> <span class='ocrx_word' id='word_1_143' title='bbox 207 1684 270 1764; x_wconf 82' lang='lat'><strong>(2.)</strong></span> <span class='ocrx_word' id='word_1_144' title='bbox 286 1685 432 1764; x_wconf 80' lang='lat' dir='ltr'><strong>Aquilone</strong></span> <span class='ocrx_word' id='word_1_145' title='bbox 447 1703 580 1746; x_wconf 83' lang='lat' dir='ltr'><strong>maxume</strong></span> <span class='ocrx_word' id='word_1_146' title='bbox 595 1686 731 1763; x_wconf 80' lang='lat' dir='ltr'><strong>gaudent,</strong></span> <span class='ocrx_word' id='word_1_147' title='bbox 755 1684 907 1744; x_wconf 88' lang='lat' dir='ltr'><strong>densiores</strong></span> <span class='ocrx_word' id='word_1_148' title='bbox 924 1682 959 1743; x_wconf 90' lang='lat' dir='ltr'><strong>ab</strong></span> <span class='ocrx_word' id='word_1_149' title='bbox 985 1682 1090 1742; x_wconf 86' lang='lat' dir='ltr'><strong>adflatu</strong></span> <span class='ocrx_word' id='word_1_150' title='bbox 1104 1696 1136 1746; x_wconf 91' lang='lat'><strong>10</strong></span> 
     </span>
     <span class='ocr_line' id='line_1_19' title="bbox 98 1766 1093 1847; baseline -0.004 -18"><span class='ocrx_word' id='word_1_151' title='bbox 98 1770 161 1829; x_wconf 89' lang='lat' dir='ltr'><strong>eius</strong></span> <span class='ocrx_word' id='word_1_152' title='bbox 182 1769 380 1847; x_wconf 83' lang='lat' dir='ltr'><strong>laetioresque</strong></span> <span class='ocrx_word' id='word_1_153' title='bbox 402 1779 433 1829; x_wconf 91' lang='lat' dir='ltr'><strong>et</strong></span> <span class='ocrx_word' id='word_1_154' title='bbox 450 1771 589 1830; x_wconf 87' lang='lat' dir='ltr'><strong>materiae</strong></span> <span class='ocrx_word' id='word_1_155' title='bbox 610 1769 752 1829; x_wconf 87' lang='lat' dir='ltr'><strong>firmioris.</strong></span> <span class='ocrx_word' id='word_1_156' title='bbox 783 1785 838 1845; x_wconf 90' lang='lat' dir='ltr'><strong>qna</strong></span> <span class='ocrx_word' id='word_1_157' title='bbox 861 1767 890 1826; x_wconf 95' lang='lat' dir='ltr'><strong>in</strong></span> <span class='ocrx_word' id='word_1_158' title='bbox 904 1784 938 1825; x_wconf 90' lang='lat' dir='ltr'><strong>re</strong></span> <span class='ocrx_word' id='word_1_159' title='bbox 958 1766 1093 1844; x_wconf 90' lang='lat' dir='ltr'><strong>plerique</strong></span> 
     </span>
     <span class='ocr_line' id='line_1_20' title="bbox 96 1852 1092 1932; baseline -0.004 -21"><span class='ocrx_word' id='word_1_160' title='bbox 96 1852 243 1928; x_wconf 90' lang='lat' dir='ltr'><strong>falluntur,</strong></span> <span class='ocrx_word' id='word_1_161' title='bbox 263 1871 326 1912; x_wconf 90' lang='lat' dir='ltr'><strong>cum</strong></span> <span class='ocrx_word' id='word_1_162' title='bbox 337 1855 366 1913; x_wconf 93' lang='lat' dir='ltr'><strong>in</strong></span> <span class='ocrx_word' id='word_1_163' title='bbox 379 1854 472 1912; x_wconf 90' lang='lat' dir='ltr'><strong>vineis</strong></span> <span class='ocrx_word' id='word_1_164' title='bbox 485 1854 657 1932; x_wconf 91' lang='lat' dir='ltr'><strong>pedamenta</strong></span> <span class='ocrx_word' id='word_1_165' title='bbox 674 1870 731 1912; x_wconf 94' lang='lat' dir='ltr'><strong>non</strong></span> <span class='ocrx_word' id='word_1_166' title='bbox 746 1852 802 1912; x_wconf 93' lang='lat' dir='ltr'><strong>siut</strong></span> <span class='ocrx_word' id='word_1_167' title='bbox 817 1870 833 1911; x_wconf 94' lang='lat' dir='ltr'><strong>a</strong></span> <span class='ocrx_word' id='word_1_168' title='bbox 846 1858 933 1910; x_wconf 91' lang='lat' dir='ltr'><strong>vento</strong></span> <span class='ocrx_word' id='word_1_169' title='bbox 945 1866 983 1909; x_wconf 93' lang='lat' dir='ltr'><strong>eo</strong></span> <span class='ocrx_word' id='word_1_170' title='bbox 1000 1866 1092 1927; x_wconf 93' lang='lat' dir='ltr'><strong>oppo-</strong></span> 
     </span>
    </p>

    <p class='ocr_par' dir='ltr' id='par_1_6' title="bbox 59 1935 1134 2931">
     <span class='ocr_line' id='line_1_21' title="bbox 60 1935 1093 2016; baseline -0.002 -23"><span class='ocrx_word' id='word_1_171' title='bbox 60 1936 191 1997; x_wconf 74' lang='lat' dir='ltr'><strong>mnenon</strong></span> <span class='ocrx_word' id='word_1_172' title='bbox 214 1945 243 1996; x_wconf 90' lang='lat' dir='ltr'><strong>et</strong></span> <span class='ocrx_word' id='word_1_173' title='bbox 262 1936 292 1996; x_wconf 95' lang='lat' dir='ltr'><strong>id</strong></span> <span class='ocrx_word' id='word_1_174' title='bbox 311 1945 454 1998; x_wconf 91' lang='lat' dir='ltr'><strong>tantuma</strong></span> <span class='ocrx_word' id='word_1_175' title='bbox 477 1938 676 2016; x_wconf 88' lang='lat' dir='ltr'><strong>septentrione</strong></span> <span class='ocrx_word' id='word_1_176' title='bbox 699 1936 879 1996; x_wconf 88' lang='lat' dir='ltr'><strong>servandum.</strong></span> <span class='ocrx_word' id='word_1_177' title='bbox 913 1936 980 2012; x_wconf 93' lang='lat' dir='ltr'><strong>quin</strong></span> <span class='ocrx_word' id='word_1_178' title='bbox 1007 1935 1093 1992; x_wconf 91' lang='lat' dir='ltr'><strong>immo</strong></span> 
     </span>
     <span class='ocr_line' id='line_1_22' title="bbox 96 2017 1094 2099; baseline -0.002 -20"><span class='ocrx_word' id='word_1_179' title='bbox 96 2021 268 2097; x_wconf 89' lang='lat' dir='ltr'><strong>tempestiva</strong></span> <span class='ocrx_word' id='word_1_180' title='bbox 289 2019 398 2097; x_wconf 78' lang='lat' dir='ltr'><strong>frigora</strong></span> <span class='ocrx_word' id='word_1_181' title='bbox 420 2021 579 2099; x_wconf 89' lang='lat' dir='ltr'><strong>plurumum</strong></span> <span class='ocrx_word' id='word_1_182' title='bbox 603 2019 738 2080; x_wconf 88' lang='lat' dir='ltr'><strong>arborum</strong></span> <span class='ocrx_word' id='word_1_183' title='bbox 753 2019 876 2078; x_wconf 85' lang='lat' dir='ltr'><strong>firmitati</strong></span> <span class='ocrx_word' id='word_1_184' title='bbox 897 2017 1048 2077; x_wconf 90' lang='lat' dir='ltr'><strong>conferunt</strong></span> <span class='ocrx_word' id='word_1_185' title='bbox 1065 2026 1094 2077; x_wconf 91' lang='lat' dir='ltr'><strong>et</strong></span> 
     </span>
     <span class='ocr_line' id='line_1_23' title="bbox 96 2101 1092 2181; baseline -0.003 -19"><span class='ocrx_word' id='word_1_186' title='bbox 96 2105 139 2163; x_wconf 88' lang='lat' dir='ltr'><strong>sic</strong></span> <span class='ocrx_word' id='word_1_187' title='bbox 155 2111 271 2180; x_wconf 89' lang='lat' dir='ltr'><strong>optume</strong></span> <span class='ocrx_word' id='word_1_188' title='bbox 286 2105 462 2179; x_wconf 80' lang='lat' dir='ltr'><strong>germinant,</strong></span> <span class='ocrx_word' id='word_1_189' title='bbox 479 2103 616 2181; x_wconf 91' lang='lat' dir='ltr'><strong>alioquin,</strong></span> <span class='ocrx_word' id='word_1_190' title='bbox 633 2105 657 2162; x_wconf 89' lang='lat' dir='ltr'><strong>si</strong></span> <span class='ocrx_word' id='word_1_191' title='bbox 673 2103 854 2164; x_wconf 91' lang='lat' dir='ltr'><strong>blandiantur</strong></span> <span class='ocrx_word' id='word_1_192' title='bbox 869 2103 968 2177; x_wconf 88' lang='lat' dir='ltr'><strong>austri,</strong></span> <span class='ocrx_word' id='word_1_193' title='bbox 990 2101 1092 2161; x_wconf 85' lang='lat' dir='ltr'><strong>defati-</strong></span> 
     </span>
     <span class='ocr_line' id='line_1_24' title="bbox 96 2183 1133 2262; baseline 0.004 -17"><span class='ocrx_word' id='word_1_194' title='bbox 96 2194 225 2260; x_wconf 87' lang='lat' dir='ltr'><strong>scentes,</strong></span> <span class='ocrx_word' id='word_1_195' title='bbox 239 2203 273 2244; x_wconf 92' lang='lat' dir='ltr'><strong>ac</strong></span> <span class='ocrx_word' id='word_1_196' title='bbox 283 2187 374 2262; x_wconf 86' lang='lat' dir='ltr'><strong>magis</strong></span> <span class='ocrx_word' id='word_1_197' title='bbox 387 2187 471 2246; x_wconf 93' lang='lat' dir='ltr'><strong>etiam</strong></span> <span class='ocrx_word' id='word_1_198' title='bbox 482 2187 510 2244; x_wconf 91' lang='lat' dir='ltr'><strong>in</strong></span> <span class='ocrx_word' id='word_1_199' title='bbox 522 2186 604 2246; x_wconf 86' lang='lat' dir='ltr'><strong>flore.</strong></span> <span class='ocrx_word' id='word_1_200' title='bbox 630 2186 741 2258; x_wconf 89' lang='lat' dir='ltr'><strong>namsi,</strong></span> <span class='ocrx_word' id='word_1_201' title='bbox 755 2203 818 2245; x_wconf 91' lang='lat' dir='ltr'><strong>cum</strong></span> <span class='ocrx_word' id='word_1_202' title='bbox 831 2183 1006 2259; x_wconf 84' lang='lat' dir='ltr'><strong>defloruere,</strong></span> <span class='ocrx_word' id='word_1_203' title='bbox 1021 2202 1088 2262; x_wconf 89' lang='lat' dir='ltr'><strong>pro·</strong></span> <span class='ocrx_word' id='word_1_204' title='bbox 1102 2197 1133 2248; x_wconf 88' lang='lat' dir='ltr'><strong>ll</strong></span> 
     </span>
     <span class='ocr_line' id='line_1_25' title="bbox 96 2268 1132 2347; baseline -0.002 -19"><span class='ocrx_word' id='word_1_205' title='bbox 96 2270 170 2328; x_wconf 91' lang='lat' dir='ltr'><strong>tinus</strong></span> <span class='ocrx_word' id='word_1_206' title='bbox 186 2277 343 2345; x_wconf 89' lang='lat' dir='ltr'><strong>sequantur</strong></span> <span class='ocrx_word' id='word_1_207' title='bbox 362 2268 479 2345; x_wconf 89' lang='lat' dir='ltr'><strong>imbres,</strong></span> <span class='ocrx_word' id='word_1_208' title='bbox 506 2270 535 2328; x_wconf 91' lang='lat' dir='ltr'><strong>in</strong></span> <span class='ocrx_word' id='word_1_209' title='bbox 551 2277 641 2328; x_wconf 89' lang='lat' dir='ltr'><strong>totum</strong></span> <span class='ocrx_word' id='word_1_210' title='bbox 660 2286 746 2347; x_wconf 91' lang='lat' dir='ltr'><strong>poma</strong></span> <span class='ocrx_word' id='word_1_211' title='bbox 768 2268 945 2347; x_wconf 90' lang='lat' dir='ltr'><strong>depereunt,</strong></span> <span class='ocrx_word' id='word_1_212' title='bbox 967 2268 1042 2327; x_wconf 93' lang='lat' dir='ltr'><strong>adeo</strong></span> <span class='ocrx_word' id='word_1_213' title='bbox 1063 2278 1093 2326; x_wconf 89' lang='lat' dir='ltr'><strong>ut</strong></span> <span class='ocrx_word' id='word_1_214' title='bbox 1125 2300 1132 2319; x_wconf 87' lang='lat'><strong>·</strong></span> 
     </span>
     <span class='ocr_line' id='line_1_26' title="bbox 60 2350 1092 2430; baseline -0.006 -16"><span class='ocrx_word' id='word_1_215' title='bbox 60 2374 86 2414; x_wconf 78' lang='lat'><strong>25</strong></span> <span class='ocrx_word' id='word_1_216' title='bbox 96 2351 265 2429; x_wconf 77' lang='lat' dir='ltr'><strong>amygdalae</strong></span> <span class='ocrx_word' id='word_1_217' title='bbox 281 2359 311 2410; x_wconf 93' lang='lat' dir='ltr'><strong>et</strong></span> <span class='ocrx_word' id='word_1_218' title='bbox 329 2353 400 2430; x_wconf 88' lang='lat' dir='ltr'><strong>piri,</strong></span> <span class='ocrx_word' id='word_1_219' title='bbox 428 2352 552 2412; x_wconf 90' lang='lat' dir='ltr'><strong>etiamsi</strong></span> <span class='ocrx_word' id='word_1_220' title='bbox 569 2353 683 2411; x_wconf 88' lang='lat' dir='ltr'><strong>omnino</strong></span> <span class='ocrx_word' id='word_1_221' title='bbox 697 2350 822 2411; x_wconf 91' lang='lat' dir='ltr'><strong>nubilum</strong></span> <span class='ocrx_word' id='word_1_222' title='bbox 836 2351 888 2411; x_wconf 90' lang='lat' dir='ltr'><strong>fuit</strong></span> <span class='ocrx_word' id='word_1_223' title='bbox 912 2351 1092 2410; x_wconf 86' lang='lat' dir='ltr'><strong>austrinusve</strong></span> 
     </span>
     <span class='ocr_line' id='line_1_27' title="bbox 95 2434 1091 2512; baseline -0.004 -16"><span class='ocrx_word' id='word_1_224' title='bbox 95 2435 189 2510; x_wconf 85' lang='lat' dir='ltr'><strong>flatus,</strong></span> <span class='ocrx_word' id='word_1_225' title='bbox 207 2436 335 2496; x_wconf 87' lang='lat' dir='ltr'><strong>amittant</strong></span> <span class='ocrx_word' id='word_1_226' title='bbox 348 2435 434 2495; x_wconf 89' lang='lat' dir='ltr'><strong>fetus.</strong></span> <span class='ocrx_word' id='word_1_227' title='bbox 474 2436 552 2495; x_wconf 91' lang='lat' dir='ltr'><strong>circa</strong></span> <span class='ocrx_word' id='word_1_228' title='bbox 570 2435 708 2512; x_wconf 82' lang='lat' dir='ltr'><strong>vergilias</strong></span> <span class='ocrx_word' id='word_1_229' title='bbox 731 2435 846 2512; x_wconf 90' lang='lat' dir='ltr'><strong>quidem</strong></span> <span class='ocrx_word' id='word_1_230' title='bbox 864 2434 986 2512; x_wconf 89' lang='lat' dir='ltr'><strong>pluvere</strong></span> <span class='ocrx_word' id='word_1_231' title='bbox 1002 2434 1091 2492; x_wconf 93' lang='lat' dir='ltr'><strong>inimi·</strong></span> 
     </span>
     <span class='ocr_line' id='line_1_28' title="bbox 96 2517 1091 2596; baseline -0.001 -19"><span class='ocrx_word' id='word_1_232' title='bbox 96 2519 240 2578; x_wconf 88' lang='lat' dir='ltr'><strong>cissimum</strong></span> <span class='ocrx_word' id='word_1_233' title='bbox 253 2519 303 2577; x_wconf 90' lang='lat' dir='ltr'><strong>viti</strong></span> <span class='ocrx_word' id='word_1_234' title='bbox 320 2527 348 2578; x_wconf 90' lang='lat' dir='ltr'><strong>et</strong></span> <span class='ocrx_word' id='word_1_235' title='bbox 370 2520 470 2596; x_wconf 91' lang='lat' dir='ltr'><strong>oleae,</strong></span> <span class='ocrx_word' id='word_1_236' title='bbox 487 2519 620 2596; x_wconf 91' lang='lat' dir='ltr'><strong>quoniam</strong></span> <span class='ocrx_word' id='word_1_237' title='bbox 640 2527 698 2577; x_wconf 92' lang='lat' dir='ltr'><strong>tum</strong></span> <span class='ocrx_word' id='word_1_238' title='bbox 720 2519 813 2577; x_wconf 89' lang='lat' dir='ltr'><strong>coitus</strong></span> <span class='ocrx_word' id='word_1_239' title='bbox 835 2526 879 2577; x_wconf 91' lang='lat' dir='ltr'><strong>est</strong></span> <span class='ocrx_word' id='word_1_240' title='bbox 897 2534 1004 2576; x_wconf 92' lang='lat' dir='ltr'><strong>earum.</strong></span> <span class='ocrx_word' id='word_1_241' title='bbox 1034 2517 1091 2576; x_wconf 88' lang='lat' dir='ltr'><strong>hoo</strong></span> 
     </span>
     <span class='ocr_line' id='line_1_29' title="bbox 95 2600 1090 2678; baseline -0.002 -17"><span class='ocrx_word' id='word_1_242' title='bbox 95 2610 141 2662; x_wconf 90' lang='lat' dir='ltr'><strong>est</strong></span> <span class='ocrx_word' id='word_1_243' title='bbox 155 2601 225 2661; x_wconf 92' lang='lat' dir='ltr'><strong>illud</strong></span> <span class='ocrx_word' id='word_1_244' title='bbox 244 2602 423 2678; x_wconf 91' lang='lat' dir='ltr'><strong>quatriduum</strong></span> <span class='ocrx_word' id='word_1_245' title='bbox 442 2603 516 2662; x_wconf 90' lang='lat' dir='ltr'><strong>oleis</strong></span> <span class='ocrx_word' id='word_1_246' title='bbox 531 2602 742 2676; x_wconf 89' lang='lat' dir='ltr'><strong>decretorium,</strong></span> <span class='ocrx_word' id='word_1_247' title='bbox 765 2600 812 2659; x_wconf 90' lang='lat' dir='ltr'><strong>hic</strong></span> <span class='ocrx_word' id='word_1_248' title='bbox 836 2601 974 2660; x_wconf 89' lang='lat' dir='ltr'><strong>articulus</strong></span> <span class='ocrx_word' id='word_1_249' title='bbox 990 2602 1090 2660; x_wconf 91' lang='lat' dir='ltr'><strong>austri·</strong></span> 
     </span>
     <span class='ocr_line' id='line_1_30' title="bbox 95 2683 1134 2763; baseline -0.008 -19"><span class='ocrx_word' id='word_1_250' title='bbox 95 2704 149 2744; x_wconf 91' lang='lat' dir='ltr'><strong>nus</strong></span> <span class='ocrx_word' id='word_1_251' title='bbox 160 2683 248 2746; x_wconf 85' lang='lat' dir='ltr'><strong>nubssi</strong></span> <span class='ocrx_word' id='word_1_252' title='bbox 260 2685 358 2762; x_wconf 90' lang='lat' dir='ltr'><strong>spurci</strong></span> <span class='ocrx_word' id='word_1_253' title='bbox 370 2686 446 2763; x_wconf 93' lang='lat' dir='ltr'><strong>quod</strong></span> <span class='ocrx_word' id='word_1_254' title='bbox 458 2686 588 2747; x_wconf 84' lang='lat' dir='ltr'><strong>diximus.</strong></span> <span class='ocrx_word' id='word_1_255' title='bbox 615 2685 715 2762; x_wconf 87' lang='lat' dir='ltr'><strong>fruges</strong></span> <span class='ocrx_word' id='word_1_256' title='bbox 732 2700 848 2762; x_wconf 90' lang='lat' dir='ltr'><strong>quoque</strong></span> <span class='ocrx_word' id='word_1_257' title='bbox 866 2686 949 2762; x_wconf 87' lang='lat' dir='ltr'><strong>peius</strong></span> <span class='ocrx_word' id='word_1_258' title='bbox 965 2693 1053 2743; x_wconf 91' lang='lat' dir='ltr'><strong>matu·</strong></span> <span class='ocrx_word' id='word_1_259' title='bbox 1065 2699 1134 2745; x_wconf 59' lang='lat' dir='ltr'><strong>sunm</strong></span> 
     </span>
     <span class='ocr_line' id='line_1_31' title="bbox 59 2767 1134 2845; baseline 0.001 -18"><span class='ocrx_word' id='word_1_260' title='bbox 59 2785 85 2827; x_wconf 86' lang='lat' dir='ltr'><strong>ao</strong></span> <span class='ocrx_word' id='word_1_261' title='bbox 95 2777 213 2829; x_wconf 88' lang='lat' dir='ltr'><strong>rescuut</strong></span> <span class='ocrx_word' id='word_1_262' title='bbox 227 2768 361 2828; x_wconf 90' lang='lat' dir='ltr'><strong>austrinis</strong></span> <span class='ocrx_word' id='word_1_263' title='bbox 376 2768 489 2845; x_wconf 91' lang='lat' dir='ltr'><strong>diebus,</strong></span> <span class='ocrx_word' id='word_1_264' title='bbox 505 2767 558 2827; x_wconf 94' lang='lat' dir='ltr'><strong>sed</strong></span> <span class='ocrx_word' id='word_1_265' title='bbox 572 2769 707 2829; x_wconf 89' lang='lat' dir='ltr'><strong>celerius.</strong></span> <span class='ocrx_word' id='word_1_266' title='bbox 733 2767 783 2827; x_wconf 91' lang='lat' dir='ltr'><strong>illa</strong></span> <span class='ocrx_word' id='word_1_267' title='bbox 798 2777 863 2826; x_wconf 93' lang='lat' dir='ltr'><strong>sunt</strong></span> <span class='ocrx_word' id='word_1_268' title='bbox 877 2768 963 2826; x_wconf 83' lang='lat' dir='ltr'><strong>noxia</strong></span> <span class='ocrx_word' id='word_1_269' title='bbox 978 2767 1089 2843; x_wconf 84' lang='lat' dir='ltr'><strong>frigora</strong></span> <span class='ocrx_word' id='word_1_270' title='bbox 1101 2777 1134 2828; x_wconf 76' lang='lat'><strong>12</strong></span> 
     </span>
     <span class='ocr_line' id='line_1_32' title="bbox 67 2849 1091 2931; baseline -0.006 -19"><span class='ocrx_word' id='word_1_271' title='bbox 67 2880 71 2887; x_wconf 93' lang='lat'><strong>·</strong></span> <span class='ocrx_word' id='word_1_272' title='bbox 94 2869 169 2931; x_wconf 90' lang='lat' dir='ltr'><strong>quae</strong></span> <span class='ocrx_word' id='word_1_273' title='bbox 192 2851 437 2930; x_wconf 90' lang='lat' dir='ltr'><strong>septentrionibus</strong></span> <span class='ocrx_word' id='word_1_274' title='bbox 465 2861 514 2913; x_wconf 91' lang='lat' dir='ltr'><strong>aut</strong></span> <span class='ocrx_word' id='word_1_275' title='bbox 537 2852 737 2931; x_wconf 88' lang='lat' dir='ltr'><strong>praeposteris</strong></span> <span class='ocrx_word' id='word_1_276' title='bbox 759 2850 827 2909; x_wconf 89' lang='lat' dir='ltr'><strong>liunt</strong></span> <span class='ocrx_word' id='word_1_277' title='bbox 844 2849 933 2908; x_wconf 90' lang='lat' dir='ltr'><strong>horis.</strong></span> <span class='ocrx_word' id='word_1_278' title='bbox 968 2849 1091 2908; x_wconf 88' lang='lat' dir='ltr'><strong>hiemem</strong></span> 
     </span>
    </p>
   </div>
   <div class='ocr_carea' id='block_1_3' title="bbox 59 2931 1135 3513">
    <p class='ocr_par' dir='ltr' id='par_1_7' title="bbox 59 2931 1135 3513">
     <span class='ocr_line' id='line_1_33' title="bbox 95 2931 1090 3013; baseline -0.006 -18"><span class='ocrx_word' id='word_1_279' title='bbox 95 2935 210 3013; x_wconf 91' lang='lat' dir='ltr'><strong>quidem</strong></span> <span class='ocrx_word' id='word_1_280' title='bbox 236 2936 410 3013; x_wconf 90' lang='lat' dir='ltr'><strong>aquiloniam</strong></span> <span class='ocrx_word' id='word_1_281' title='bbox 435 2953 503 2996; x_wconf 88' lang='lat' dir='ltr'><strong>esse</strong></span> <span class='ocrx_word' id='word_1_282' title='bbox 525 2934 656 2995; x_wconf 92' lang='lat' dir='ltr'><strong>omnibus</strong></span> <span class='ocrx_word' id='word_1_283' title='bbox 676 2935 746 2995; x_wconf 90' lang='lat' dir='ltr'><strong>satis</strong></span> <span class='ocrx_word' id='word_1_284' title='bbox 773 2934 961 2993; x_wconf 91' lang='lat' dir='ltr'><strong>utilissimum.</strong></span> <span class='ocrx_word' id='word_1_285' title='bbox 992 2931 1090 2991; x_wconf 89' lang='lat' dir='ltr'><strong>imbris</strong></span> 
     </span>
     <span class='ocr_line' id='line_1_34' title="bbox 94 3013 1091 3096; baseline -0.004 -18"><span class='ocrx_word' id='word_1_286' title='bbox 94 3036 166 3078; x_wconf 90' lang='lat' dir='ltr'><strong>vero</strong></span> <span class='ocrx_word' id='word_1_287' title='bbox 182 3026 241 3078; x_wconf 89' lang='lat' dir='ltr'><strong>tum</strong></span> <span class='ocrx_word' id='word_1_288' title='bbox 257 3018 416 3096; x_wconf 88' lang='lat' dir='ltr'><strong>expetendi</strong></span> <span class='ocrx_word' id='word_1_289' title='bbox 431 3018 551 3079; x_wconf 85' lang='lat' dir='ltr'><strong>evidens</strong></span> <span class='ocrx_word' id='word_1_290' title='bbox 567 3026 725 3093; x_wconf 90' lang='lat' dir='ltr'><strong>causaest,</strong></span> <span class='ocrx_word' id='word_1_291' title='bbox 741 3017 875 3095; x_wconf 92' lang='lat' dir='ltr'><strong>quoniam</strong></span> <span class='ocrx_word' id='word_1_292' title='bbox 890 3013 1013 3074; x_wconf 86' lang='lat' dir='ltr'><strong>arbores</strong></span> <span class='ocrx_word' id='word_1_293' title='bbox 1030 3014 1091 3074; x_wconf 90' lang='lat' dir='ltr'><strong>fetu</strong></span> 
     </span>
     <span class='ocr_line' id='line_1_35' title="bbox 95 3099 1091 3178; baseline -0.004 -18"><span class='ocrx_word' id='word_1_294' title='bbox 95 3104 256 3163; x_wconf 87' lang='lat' dir='ltr'><strong>exinanitas</strong></span> <span class='ocrx_word' id='word_1_295' title='bbox 272 3110 302 3160; x_wconf 91' lang='lat' dir='ltr'><strong>et</strong></span> <span class='ocrx_word' id='word_1_296' title='bbox 314 3101 451 3161; x_wconf 90' lang='lat' dir='ltr'><strong>loliorum</strong></span> <span class='ocrx_word' id='word_1_297' title='bbox 468 3116 584 3178; x_wconf 93' lang='lat' dir='ltr'><strong>qnoque</strong></span> <span class='ocrx_word' id='word_1_298' title='bbox 607 3102 762 3160; x_wconf 90' lang='lat' dir='ltr'><strong>emissione</strong></span> <span class='ocrx_word' id='word_1_299' title='bbox 788 3099 939 3177; x_wconf 89' lang='lat' dir='ltr'><strong>languidas</strong></span> <span class='ocrx_word' id='word_1_300' title='bbox 962 3099 1091 3158; x_wconf 88' lang='lat' dir='ltr'><strong>naturale</strong></span> 
     </span>
     <span class='ocr_line' id='line_1_36' title="bbox 59 3181 1135 3260; baseline -0.002 -15"><span class='ocrx_word' id='word_1_301' title='bbox 59 3203 85 3245; x_wconf 78' lang='lat' dir='ltr'><strong>au</strong></span> <span class='ocrx_word' id='word_1_302' title='bbox 95 3193 140 3245; x_wconf 88' lang='lat' dir='ltr'><strong>est</strong></span> <span class='ocrx_word' id='word_1_303' title='bbox 161 3185 246 3246; x_wconf 93' lang='lat' dir='ltr'><strong>avide</strong></span> <span class='ocrx_word' id='word_1_304' title='bbox 265 3186 389 3260; x_wconf 90' lang='lat' dir='ltr'><strong>esurire,</strong></span> <span class='ocrx_word' id='word_1_305' title='bbox 408 3181 490 3242; x_wconf 89' lang='lat' dir='ltr'><strong>cibus</strong></span> <span class='ocrx_word' id='word_1_306' title='bbox 506 3192 601 3242; x_wconf 89' lang='lat' dir='ltr'><strong>autem</strong></span> <span class='ocrx_word' id='word_1_307' title='bbox 616 3201 713 3243; x_wconf 90' lang='lat' dir='ltr'><strong>earum</strong></span> <span class='ocrx_word' id='word_1_308' title='bbox 726 3182 828 3243; x_wconf 88' lang='lat' dir='ltr'><strong>imber.</strong></span> <span class='ocrx_word' id='word_1_309' title='bbox 858 3201 947 3260; x_wconf 89' lang='lat' dir='ltr'><strong>quare</strong></span> <span class='ocrx_word' id='word_1_310' title='bbox 963 3182 1135 3260; x_wconf 81' lang='lat' dir='ltr'><strong>tepidam13</strong></span> 
     </span>
     <span class='ocr_line' id='line_1_37' title="bbox 96 3266 1091 3345; baseline -0.006 -18"><span class='ocrx_word' id='word_1_311' title='bbox 96 3286 164 3328; x_wconf 88' lang='lat' dir='ltr'><strong>esse</strong></span> <span class='ocrx_word' id='word_1_312' title='bbox 179 3269 319 3343; x_wconf 88' lang='lat' dir='ltr'><strong>hiemem,</strong></span> <span class='ocrx_word' id='word_1_313' title='bbox 340 3277 371 3328; x_wconf 87' lang='lat' dir='ltr'><strong>nt</strong></span> <span class='ocrx_word' id='word_1_314' title='bbox 387 3267 539 3344; x_wconf 88' lang='lat' dir='ltr'><strong>absumpto</strong></span> <span class='ocrx_word' id='word_1_315' title='bbox 554 3275 637 3345; x_wconf 89' lang='lat' dir='ltr'><strong>partu</strong></span> <span class='ocrx_word' id='word_1_316' title='bbox 652 3266 786 3326; x_wconf 90' lang='lat' dir='ltr'><strong>arborum</strong></span> <span class='ocrx_word' id='word_1_317' title='bbox 802 3276 940 3345; x_wconf 86' lang='lat' dir='ltr'><strong>sequatur</strong></span> <span class='ocrx_word' id='word_1_318' title='bbox 960 3267 1091 3344; x_wconf 89' lang='lat' dir='ltr'><strong>protinus</strong></span> 
     </span>
     <span class='ocr_line' id='line_1_38' title="bbox 95 3348 1090 3430; baseline -0.005 -20"><span class='ocrx_word' id='word_1_319' title='bbox 95 3360 266 3430; x_wconf 87' lang='lat' dir='ltr'><strong>conceptus,</strong></span> <span class='ocrx_word' id='word_1_320' title='bbox 281 3352 310 3412; x_wconf 95' lang='lat' dir='ltr'><strong>id</strong></span> <span class='ocrx_word' id='word_1_321' title='bbox 327 3361 373 3412; x_wconf 90' lang='lat' dir='ltr'><strong>est</strong></span> <span class='ocrx_word' id='word_1_322' title='bbox 389 3350 577 3430; x_wconf 88' lang='lat' dir='ltr'><strong>germinatio,</strong></span> <span class='ocrx_word' id='word_1_323' title='bbox 600 3367 635 3409; x_wconf 91' lang='lat' dir='ltr'><strong>ac</strong></span> <span class='ocrx_word' id='word_1_324' title='bbox 650 3349 754 3410; x_wconf 93' lang='lat' dir='ltr'><strong>deinde</strong></span> <span class='ocrx_word' id='word_1_325' title='bbox 770 3350 826 3410; x_wconf 90' lang='lat' dir='ltr'><strong>alia</strong></span> <span class='ocrx_word' id='word_1_326' title='bbox 846 3348 1023 3411; x_wconf 84' lang='lat' dir='ltr'><strong>florescendi</strong></span> <span class='ocrx_word' id='word_1_327' title='bbox 1040 3365 1090 3405; x_wconf 85' lang='lat' dir='ltr'><strong>ex-</strong></span> 
     </span>
     <span class='ocr_line' id='line_1_39' title="bbox 94 3424 1118 3513; baseline -0.019 -20"><span class='ocrx_word' id='word_1_328' title='bbox 94 3434 228 3510; x_wconf 90' lang='lat' dir='ltr'><strong>inanitio,</strong></span> <span class='ocrx_word' id='word_1_329' title='bbox 248 3435 456 3495; x_wconf 88' lang='lat' dir='ltr'><strong>inutilissimum</strong></span> <span class='ocrx_word' id='word_1_330' title='bbox 478 3434 684 3513; x_wconf 85' lang='lat' dir='ltr'><strong>experimentis</strong></span> <span class='ocrx_word' id='word_1_331' title='bbox 700 3435 851 3494; x_wconf 82' lang='lat' dir='ltr'><strong>creditur.</strong></span> <span class='ocrx_word' id='word_1_332' title='bbox 878 3433 955 3507; x_wconf 68' lang='lat' dir='ltr'><strong>quun</strong></span> <span class='ocrx_word' id='word_1_333' title='bbox 964 3432 1064 3482; x_wconf 67' lang='lat' dir='ltr'><strong>‘xxm</strong></span> <span class='ocrx_word' id='word_1_334' title='bbox 1082 3424 1118 3475; x_wconf 57' lang='grc' dir='ltr'><strong>ἐκ</strong></span> 
     </span>
    </p>
   </div>
   <div class='ocr_carea' id='block_1_4' title="bbox 0 0 1216 3840">
    <p class='ocr_par' dir='ltr' id='par_1_8' title="bbox 0 0 1216 3840">
     <span class='ocr_line' id='line_1_40' title="bbox 0 0 1216 3840; baseline 0 0"><span class='ocrx_word' id='word_1_335' title='bbox 0 0 1216 3840; x_wconf 95' lang='lat' dir='ltr'><strong> </strong></span> 
     </span>
    </p>
   </div>
  </div>
 </body>
</html>
