2422 3840
116 178 158 240 44
462 189 492 238 o.
510 189 607 237 rums
621 188 771 236 saeuum

76 353 127 408 243
191 344 275 422 (92.)
291 342 407 402 Hedera
419 343 516 402 necari
533 342 653 401 arbores
669 350 778 401 certum
792 350 846 401 est.
874 341 967 401 simile
982 339 1119 419 quiddam

119 437 148 486 et
170 429 199 486 in
220 428 319 501 visco,
345 427 459 485 tametsi
480 426 634 485 tardiorem
661 426 790 485 iniuriam
812 442 908 484 earum
932 422 1118 485 arbitrantur.

117 527 239 588 namque
256 517 285 568 et
300 508 357 567 hoc
372 517 490 586 praeter
504 509 614 568 fructus
630 507 816 585 adgnoscitur
830 524 887 568 uon
908 508 936 567 in
951 507 1118 569 nurimimis

76 603 128 656 244
138 592 279 655 mirabile.
310 593 450 669 quaedam
465 593 539 651 eninr
559 593 587 650 in
607 602 685 652 tcrra
706 593 786 669 gigni
807 609 865 652 non
880 599 1019 671 possunt,
1038 599 1069 650 et
1088 591 1118 648 iu

119 675 270 736 arboribus
287 684 450 735 nascuntur.
477 693 598 753 namque
615 694 679 735 cum
694 693 773 735 suam
788 675 889 736 sedem
903 692 961 736 nou
976 674 1145 751 babeant‚s

119 760 147 818 iu
164 758 258 818 aliena
271 760 381 835 vivont,
397 760 471 820 sicut
484 761 594 819 viscum
612 769 642 819 et
655 761 684 817 in
699 759 782 833 Syria
797 759 887 820 herba
903 775 978 838 quae
992 766 1118 819 vocatur

120 842 253 918 oadytas,
271 859 328 902 non
344 852 451 903 tantum
466 843 617 902 arboribus
633 842 686 902 sed
702 844 773 920 ipsis
788 845 873 903 etiam
889 842 979 920 spinis
995 841 1117 901 circum·

118 925 241 987 volvens
260 944 337 1002 sese,
354 927 422 986 item
442 928 519 986 circa
533 925 642 1005 Tempe
658 925 828 986 Thessalica
845 944 920 1004 quae
935 924 1117 1004 polypodion

118 1019 239 1070 vocatur
254 1019 284 1068 et
298 1026 373 1088 quae
388 1008 521 1069 dolichos
536 1028 571 1069 ac
587 1009 756 1087 serpyllum.
788 1010 917 1069 oleastro
933 1024 1049 1086 quoque
1064 1009 1116 1069 de·

119 1101 218 1170 putato
243 1091 320 1170 quod
341 1093 474 1169 gignatur
491 1102 597 1153 vocant
618 1092 757 1170 phaunos.
790 1092 866 1171 quod
889 1092 1010 1152 veroin
1031 1091 1114 1169 spida
1127 1105 1153 1147 ro

118 1175 239 1236 fullonia
249 1175 493 1253 hippophaeston,
503 1176 651 1236 cauliculis
662 1175 804 1252 inanibus,
813 1174 1006 1254 loliisparvis,
1016 1173 1117 1235 radice

119 1257 202 1333 alba,
223 1259 302 1318 cuius
321 1276 407 1319 sucus
426 1258 461 1319 ad
477 1259 672 1320 detractiones
693 1261 721 1319 in
742 1259 878 1320 comitiali
901 1258 1003 1318 morbo
1024 1257 1115 1317 utilia·

120 1342 206 1402 simus
221 1341 354 1402 babetur.
421 1347 424 1352 ’

76 1435 128 1491 als
193 1426 277 1506 (93.)
299 1425 380 1486 Visci
397 1427 450 1486 tria
467 1444 586 1504 genera.
617 1443 741 1505 namque
757 1427 784 1485 iu
799 1425 907 1501 abiete,
924 1425 1014 1485 larice
1030 1423 1117 1483 stelin

119 1511 188 1571 dicit
198 1509 320 1570 Euboea
332 1511 423 1585 nasci,
435 1510 567 1588 hyphear
578 1510 713 1585 Arcadia,
723 1511 833 1570 viscum
845 1517 939 1567 autem
950 1510 979 1567 irr
990 1524 1112 1586 quercu,
1125 1527 1152 1570 rs

119 1595 227 1654 robore
235 1639 244 1672 ,
263 1594 347 1669 ilice,
363 1611 455 1671 pruno
468 1593 611 1669 silvestri,
624 1592 805 1668 terebintho,
819 1609 875 1651 uec
885 1590 1117 1666 aliisarboribus

120 1677 258 1753 adgnasci
270 1677 412 1756 plerique.
426 1678 656 1755 copiosissimum
666 1678 694 1735 in
703 1693 812 1754 quercu
825 1674 988 1753 adasphear
998 1683 1115 1734 vocant.

119 1761 149 1819 in
163 1761 238 1819 omni
254 1758 360 1819 arbore
377 1769 501 1837 excepta
513 1760 580 1818 ilice
597 1768 626 1818 et
637 1775 746 1838 quercu
760 1758 949 1819 differentiam
961 1757 1118 1818 facitodor

119 1844 256 1921 virusque
272 1850 301 1901 et
315 1842 415 1902 iolium
432 1859 489 1901 uon
504 1843 618 1902 iucundi
639 1842 755 1915 odoris,
777 1850 901 1918 utroque
920 1843 994 1901 uisci
1015 1857 1115 1900 amaro

75 1935 128 1990 446
139 1935 169 1987 et
184 1925 274 1984 lento.
305 1925 437 2003 hyphear
456 1924 490 1984 ad
506 1925 662 2000 saginanda
679 1942 787 2002 pecora
803 1925 908 1985 utilius.
944 1925 1013 1985 vitia
1027 1925 1115 1985 modo
1125 1941 1153 1982 ro

118 2017 224 2087 purgat
245 2008 355 2085 primo,
380 2008 446 2067 dein
473 2008 652 2087 pinguefacit
675 2025 748 2086 quae
772 2008 918 2068 subiecere
937 2008 1114 2086 purgationi,

119 2091 222 2169 quibus
237 2093 276 2149 sit
291 2091 386 2168 aliqua
401 2089 485 2150 tabes
496 2093 571 2152 intus
585 2101 692 2168 negant
703 2091 817 2152 durare.
847 2090 1026 2151 comedendi
1041 2092 1115 2151 ratio

119 2174 239 2234 aestatis
255 2173 448 2252 quadragenis
463 2174 575 2235 diebus.
608 2174 734 2235 adiciunt
748 2174 902 2235 discrimen
922 2176 1010 2241 visco¹
1023 2174 1052 2233 in
1070 2174 1115 2235 his

119 2274 194 2336 quae
213 2257 283 2318 lolia
305 2259 432 2319 amittant
453 2267 482 2318 et
505 2259 561 2336 ipsi
581 2258 738 2334 decidere,
762 2266 863 2317 contra
878 2257 1032 2319 inhaerere
1047 2266 1115 2318 nato

76 2348 127 2404 247
139 2342 167 2400 in
182 2350 300 2401 aeterna
316 2341 428 2402 fronde.
452 2341 572 2401 Omnino
585 2352 679 2402 autern
694 2351 786 2401 satu!
798 2339 974 2402 nullomodo
987 2342 1150 2401 nascituras

117 2442 174 2484 uec
195 2425 249 2483 nisi
273 2443 326 2503 per
350 2426 444 2485 alvom
467 2427 560 2485 avium
580 2425 739 2504 redditum,
762 2442 893 2483 maxume
915 2423 1058 2503 palumbis
1078 2441 1114 2483 ao

118 2507 218 2566 turdis.
256 2507 329 2567 baec
350 2518 395 2568 est
415 2516 515 2567 natura
535 2517 565 2568 ut
583 2509 638 2566 uisi
659 2516 828 2567 maturatum
848 2508 875 2566 in
897 2516 999 2568 ventre
1020 2508 1114 2567 auium

117 2605 175 2647 nou
190 2591 351 2667 proveniat.
386 2590 505 2650 altitudo
521 2592 584 2651 eius
602 2607 659 2649 uon
676 2591 792 2651 excedit
807 2589 980 2666 cubitalem,
997 2608 1114 2669 semper

117 2671 269 2735 frutectosi
287 2689 322 2731 ac
339 2673 446 2733 viridis.
478 2691 538 2733 mas
552 2674 672 2749 fertilis,
691 2673 796 2734 iemiua
815 2673 932 2734 sterilis.
965 2674 1020 2733 uisi
1034 2672 1113 2753 quod

119 2762 147 2813 et
162 2753 267 2813 iertilis
282 2754 435 2830 aliquando
452 2773 508 2814 nou
524 2756 590 2816 lert.
1123 2771 1149 2813 to

74 2845 127 2900 248
192 2837 276 2915 (94.)
297 2836 416 2897 Viscum
431 2838 519 2898 couiit
539 2857 577 2897 ex
601 2841 689 2899 acinis
711 2841 758 2918 qui
781 2839 957 2917 colliguntur
978 2840 1115 2901 messium

116 2929 249 2998 tempore
264 2922 404 2981 inmaturi.
434 2939 497 2981 nam
512 2922 536 2980 si
548 2939 704 2982 accessere
719 2923 837 2998 imbres,
850 2923 1035 3002 amplitudine
1051 2924 1113 3002 qui·

117 3003 182 3063 dem
204 3013 361 3080 augentur,
383 3005 465 3063 visco
482 3021 553 3064 vero
570 3016 760 3066 marcescunt.
791 3008 935 3069 siccantur
957 3007 1062 3067 deinde
1084 3017 1114 3068 et

117 3085 189 3145 aridi
204 3087 357 3147 tunduntur
373 3104 409 3146 ac
425 3088 531 3148 conditi
546 3088 574 3146 in
597 3105 670 3166 aqua
691 3098 860 3167 putrescunt
884 3089 1026 3151 duodenis
1048 3090 1113 3151 ie're

117 3168 231 3244 diebus,
241 3188 384 3248 unumque
396 3171 453 3231 hoc
465 3189 559 3230 rerum
569 3173 765 3249 putrescendo
776 3174 897 3251 gratiam
908 3175 1024 3234 invenit.
1045 3174 1113 3235 inde
1122 3189 1149 3232 aa

117 3252 145 3312 in
162 3251 336 3330 prolluente,
349 3272 448 3314 rursus
460 3254 565 3315 malleo
578 3256 663 3330 tunsi,
676 3257 789 3316 amissis
803 3257 960 3318 corticibus
971 3258 1111 3319 interiore

117 3354 202 3397 carne
219 3335 391 3398 lentescunt.
418 3338 475 3398 boc
491 3347 536 3398 est
550 3341 659 3399 viscum
674 3340 767 3418 pinnis
786 3341 878 3401 avium
892 3349 970 3403 tactu
983 3340 1112 3422 ligandis

116 3419 184 3483 oleo
199 3419 359 3500 subactum,
376 3440 438 3482 curn
452 3421 540 3486 libeat
556 3423 672 3487 iusidias
687 3423 790 3486 moliri.
