2422 3840
116 182 176 240 154
455 192 485 240 c.
503 192 599 239 rcnu
614 191 766 239 succum

111 347 176 406 viae
193 347 290 405 iamin
310 344 437 405 lucernis
455 345 544 422 iungi.
579 345 604 404 si
622 344 755 404 ilexnose
773 343 875 406 volitet
898 346 1030 422 damma,
1051 364 1126 408 ven·

69 438 195 494 acetum.
220 438 249 489 et
265 429 379 504 lumina,
396 447 458 488 cum
474 446 512 487 ex
527 446 595 487 sese
613 427 740 487 dammas
752 426 860 486 elidunt
883 439 931 489 ant
947 430 995 488 vix
1016 447 1125 490 accen·

112 514 226 590 duntur,
239 514 308 572 item
317 531 380 571 cum
389 513 518 572 inaeneo
530 511 674 588 pendente
685 510 829 571 scintillae
838 521 1062 590 coacervantur,
1074 514 1127 575 vel

112 615 175 657 cum
196 595 365 656 tollentibus
384 594 459 655 ollas
479 593 568 655 carbo
591 593 790 669 adhaerescit,
813 604 861 654 aut
883 614 946 655 cnm
968 604 1127 658 contectus

111 682 186 757 ignis
203 698 220 738 e
236 698 269 739 se
287 679 413 739 favillam
428 678 544 738 discutit
559 677 750 737 scintillamve
769 677 888 755 emittit,
903 679 952 738 vel
969 697 1035 739 cum
1049 682 1149 744 cinisu

111 765 141 823 in
163 763 233 824 ioco
250 764 413 823 concrescit
431 770 537 822 etcum
556 759 644 822 carbo
659 761 847 821 vehementer
862 762 1005 840 perlucet.
1204 818 1205 823 ,

68 855 121 912 359
171 846 255 927 (85.)
278 846 332 906 Est
353 855 382 906 et
405 863 545 923 aquarum
563 845 752 920 significatio:
786 861 865 904 mare
885 847 910 905 si
936 847 1127 924 tranquillum

110 932 139 990 in
160 941 245 1009 portu
267 929 416 989 cursitabit
430 926 652 988 murmurabitve
667 930 741 986 intra
761 945 811 1004 se,
834 938 949 989 ventum
967 930 1126 1009 praedicit,

112 1014 136 1073 si
151 1014 227 1073 idem
241 1015 347 1087 hieme,
365 1021 395 1071 et
406 1011 537 1070 imbrem.
562 1011 647 1070 litora
662 1013 803 1089 ripaeque
812 1013 837 1070 si
848 1011 1027 1072 resonabunt
1045 1023 1126 1076 tran·

112 1096 214 1174 quillo,
231 1113 364 1174 asperam
379 1103 596 1172 tempestatem,
614 1095 682 1153 item
696 1096 783 1154 maris
798 1096 887 1173 ipsius
902 1097 1059 1173 tranquillo
1075 1116 1126 1158 so·
1137 1118 1168 1158 m-

112 1181 353 1257 nitusspumaeve
365 1179 517 1255 dispersae
527 1186 573 1237 aut
583 1195 676 1256 aquae
685 1177 839 1238 bullantes.
858 1179 1010 1258 pulmones
1019 1183 1127 1241 marini

113 1264 141 1321 in
150 1262 258 1340 pelago
269 1262 391 1340 plurium
404 1260 514 1320 dierum
526 1261 649 1320 hiemem
662 1262 845 1338 portendunt.
860 1281 949 1341 saepe
962 1273 991 1322 et
1003 1264 1125 1325 silentio

111 1346 275 1406 intumescit
295 1345 451 1422 datumque
468 1346 553 1405 altius
571 1344 659 1404 solito
672 1346 726 1405 iam
742 1346 814 1404 intra
829 1363 863 1404 se
876 1365 944 1406 esse
959 1357 1065 1407 ventos
1080 1348 1125 1409 la·

111 1438 198 1489 tetur.

69 1522 122 1578 360
188 1511 272 1594 (86.)
292 1512 329 1573 Et
341 1513 453 1591 qnidam
467 1522 495 1572 et
506 1514 641 1572 montium
653 1513 761 1572 sonitus
776 1528 982 1592 nemorumque
994 1515 1124 1591 mugitus
1137 1536 1167 1578 rs

112 1597 300 1675 praedicunt,
317 1606 347 1656 et
370 1597 433 1656 sinc
457 1614 525 1656 aura
541 1614 615 1674 quae
635 1598 774 1656 sentiatur
795 1595 866 1655 lolia
884 1596 1023 1675 ludentia,
1041 1598 1125 1659 lanu·

113 1698 153 1757 go
170 1681 271 1759 populi
289 1690 337 1740 aut
352 1680 453 1758 spinae
469 1679 594 1740 volitans
611 1681 751 1757 aquisque
766 1679 862 1757 pluma
877 1680 1017 1756 innatans,
1035 1691 1127 1760 atque

78 1780 80 1783 ’
114 1765 199 1823 etiam
215 1767 243 1823 in
260 1766 368 1841 campis
384 1772 533 1822 venturam
554 1772 756 1842 tempestatem
775 1762 956 1841 praecedens
977 1782 1047 1824 suus
1065 1766 1126 1826 fra·

113 1864 178 1923 gor
213 1846 287 1906 caeli
301 1847 416 1924 quidem
435 1863 560 1904 murmur
576 1863 634 1905 non
648 1844 761 1905 dubiam
772 1846 1011 1922 significationem
1023 1848 1127 1913 habet

70 1938 122 1993 361
192 1929 276 2011 (87.)
299 1928 488 2004 Praesagiunt
507 1937 536 1986 et
555 1928 702 1988 animalia:
733 1928 861 2007 delphini
878 1931 1034 2009 tranquillo
1050 1950 1126 1993 marr
1135 1949 1161 1990 ao

114 2012 298 2071 lascivientes
325 2010 420 2070 ilatum
451 2030 488 2070 ex
516 2029 571 2089 qua
596 2014 713 2072 veniunt
732 2023 831 2090 parte,
854 2014 922 2073 item
946 2025 1125 2092 spargentes

114 2112 232 2173 aquam,
255 2094 341 2154 iidem
360 2093 475 2154 turbato
500 2096 741 2174 tranquillitatem
778 2096 882 2174 lolligo
897 2097 1031 2173 volitans,
1052 2117 1124 2159 con·

31 2209 35 2219 ·
114 2179 187 2237 chae
203 2177 460 2256 adhaerescentes,
478 2179 571 2239 echini
584 2180 744 2256 adfigentes
757 2198 824 2241 sese
840 2190 887 2240 aut
899 2181 1006 2242 harena
1017 2183 1125 2243 sabur-

113 2271 210 2321 rantes
227 2263 408 2341 tempestatis
425 2263 506 2338 signa
519 2273 594 2340 sunt,
611 2282 698 2323 ranae
714 2282 831 2342 quoque
846 2264 920 2324 ultra
935 2264 1052 2324 solitum
1069 2283 1123 2325 vo-

72 2346 209 2410 3tilcales
222 2356 251 2406 et
262 2346 369 2406 fulicae
381 2348 518 2406 matutino
532 2348 682 2423 clangore,
698 2348 767 2405 item
777 2349 869 2424 mergi
880 2355 1038 2426 anatesque
1058 2351 1123 2427 pin·
1134 2369 1161 2409 as

113 2447 165 2489 nas
177 2438 274 2489 rostro
286 2438 444 2508 purgantes
455 2439 587 2505 ventum,
606 2438 782 2506 ceteraeque
799 2431 950 2506 aquaticae
964 2448 1034 2492 aves
1051 2450 1123 2493 con-

115 2522 276 2571 cursantes.
307 2530 396 2589 grues
411 2513 439 2571 in
454 2511 665 2573 mediterranea
682 2512 867 2587 festinantes,
884 2516 993 2591 mergi,
1014 2517 1123 2590 gaviae

115 2595 203 2654 maria
220 2604 268 2654 aut
285 2605 387 2671 stagna
405 2595 562 2671 fugientes,
577 2614 665 2695 grues
684 2596 799 2656 silentio
813 2613 867 2674 per
884 2596 1007 2657 sublime
1018 2599 1122 2659 volan·

115 2686 160 2735 tes
178 2678 374 2736 serenitatem
397 2680 441 2737 sic
463 2682 593 2741 noctua
585 2699 613 2738 m
628 2679 717 2738 imbre
734 2680 867 2756 garrula,
887 2690 915 2740 at
930 2699 1035 2741 sereno
1048 2691 1122 2743 tem·

114 2769 274 2839 pestatem,
297 2762 437 2839 corvique
456 2762 581 2838 singultu
605 2763 728 2840 quodam
745 2762 883 2823 latrantes
905 2783 996 2843 seque
1013 2782 1122 2827 concu-
1133 2779 1160 2822 ao

115 2845 235 2923 tientes,
258 2844 281 2902 si
304 2842 523 2921 continuabunt,
541 2854 660 2920 ventos,
679 2846 704 2903 si
726 2862 797 2904 vero
820 2848 940 2926 carptim
954 2865 1059 2909 vocem
1076 2867 1122 2908 re·

71 2927 306 3004 acasortebum,
327 2923 479 2986 ventosum
493 2889 621 2988 irhbrem.
651 2928 762 3004 graculi
780 2946 847 2989 sero
866 2948 882 2991 a
903 2931 1016 3009 pabulis
1036 2951 1122 2994 rece-

115 3010 217 3070 dentes
238 3011 376 3084 hiemem,
402 3017 432 3070 et
448 3010 533 3071 albae
558 3030 627 3072 aves
646 3029 709 3070 cum
730 3014 985 3091 congregabuntur
1003 3025 1031 3075 et
1056 3035 1123 3075 cum

114 3102 271 3153 terrestres
284 3093 420 3153 volucres
434 3105 533 3154 contra
546 3113 647 3174 aquam
660 3094 815 3172 clangores
828 3095 934 3158 dabunt
944 3098 1121 3177 perfunden-

115 3185 220 3255 tesque
243 3195 329 3253 sese,
351 3177 404 3237 sed
426 3196 557 3238 maxume
579 3179 696 3253 cornix,
714 3179 836 3241 hirundo
852 3189 908 3242 tam
923 3182 1001 3242 iuxta
1017 3200 1160 3261 squamas

115 3261 240 3321 volitans
254 3268 285 3319 ut
299 3263 384 3339 pinna
399 3279 490 3359 saepe
508 3263 661 3339 percutiat,
679 3279 812 3341 quaeque
829 3265 857 3323 in
872 3263 1022 3326 arboribus
1039 3266 1122 3327 habi·

115 3353 176 3406 tant
193 3345 348 3422 fugitantes
365 3343 428 3382 *Γ
419 3363 448 3404 ιιι
464 3343 537 3405 nidis
553 3347 623 3406 suis
653 3354 682 3407 ct
700 3363 819 3406 anseres
833 3350 968 3408 continuo
981 3350 1124 3428 clangore

114 3430 317 3507 intempestivi,
331 3427 442 3489 ardea
434 3446 463 3487 m
475 3430 577 3490 mediis
592 3429 708 3490 harenis
725 3431 826 3492 tristis.
