2422 3840
312 210 576 258 uuu.111su.xx.
595 205 714 260 18—19.
732 199 886 276 (tt—80.)
1041 195 1099 255 221

94 384 162 426 mox
177 369 205 425 iu
220 365 364 441 lucernis,
380 374 411 424 ut
425 382 497 444 pura
511 365 610 424 luceat
626 363 735 422 damma
748 372 776 422 et
790 371 820 422 ut
832 362 976 423 exstincto
989 361 1101 422 demum

96 450 190 524 oleat,
215 451 333 526 quaein
349 448 447 509 fucato
464 464 522 506 non
537 448 681 506 eveniunt.
715 446 883 506 accenditur
898 462 1014 526 quoque
1028 446 1101 507 dilli-

96 533 179 593 cilius
194 541 223 591 et
239 532 343 592 crebro
360 533 562 608 exstinguitur.
596 538 641 590 est
659 530 765 589 sinceri
781 530 1010 607 experimentum
1028 539 1058 590 et
1075 531 1102 588 in

95 634 187 695 aqua,
208 618 342 696 quoniam
364 625 395 675 ut
415 613 559 675 nubecula
580 615 703 688 innatat,
730 613 825 672 lictum
848 615 877 672 in
897 614 1017 690 pusulas
1033 616 1101 674 coit.

70 701 147 761 used
170 717 302 760 maxume
322 701 423 758 mirum
446 706 492 758 est
510 700 622 758 aestivo
643 696 708 756 sole
730 695 919 774 deprehendi.
959 699 1103 757 sincerum

95 785 170 843 enim
191 785 275 844 sudat
296 791 375 842 etse
398 782 479 842 diluit
495 781 591 841 donec
606 797 677 840 suco
692 781 804 839 recenti
819 780 912 838 simile
930 781 988 839 liat.
1024 780 1103 840 lllne·

95 866 173 927 sides
192 876 309 945 optume
333 867 445 926 servari
468 873 549 944 putat
573 865 743 939 hyoscyami
765 865 875 922 semine
897 864 1031 940 adiecto,
1054 864 1103 924 alii

96 949 215 1010 inlaba.

161 1032 209 1093 19.
234 1033 316 1113 (77.)
339 1031 418 1094 Inter
430 1035 522 1095 satira
535 1042 564 1092 et
576 1031 720 1092 silvestria
735 1029 859 1091 medium
871 1048 975 1108 genus,
994 1049 1082 1109 quon·
1094 1040 1147 1094 204

58 1117 198 1176 miamin
224 1119 300 1177 arvis
324 1117 377 1177 sed
402 1126 507 1198 sponte
532 1124 720 1191 nasceretur,
744 1115 863 1175 rhoeam
887 1115 1054 1175 vocavimus
1071 1132 1144 1174 sano

95 1209 124 1259 et
139 1201 301 1260 erraticum.
334 1201 449 1279 quidam
465 1202 493 1262 id
509 1202 678 1278 decerptum
694 1200 824 1277 protinus
841 1215 904 1260 cum
921 1208 983 1260 toto
1000 1198 1103 1273 calyce

94 1283 238 1344 mandunt.
268 1285 365 1343 alvom
381 1285 516 1344 exinanit.
549 1285 644 1361 capita
657 1285 785 1363 ,quinque
802 1284 926 1343 decocta
940 1285 968 1342 in
984 1283 1041 1342 vini
1054 1282 1103 1341 tri·

94 1366 149 1426 bus
166 1367 288 1426 heminis
308 1375 377 1445 pota
394 1377 423 1426 et
439 1385 568 1427 somnum
582 1367 699 1426 iaciunt.

161 1448 246 1528 (78.)
266 1449 449 1510 Silvestrium
464 1469 548 1510 unum
565 1468 658 1527 genus
671 1450 811 1509 ceratitim
824 1459 941 1525 vocant,
959 1450 1082 1526 nigrum,
1094 1457 1145 1511 205

60 1551 86 1591 ιι
98 1532 215 1593 cubitali
238 1531 405 1610 altitudine,
426 1534 526 1594 radice
546 1551 646 1593 crassa
672 1542 701 1592 et
724 1535 886 1610 corticosa,
912 1532 1046 1608 calyculo
1062 1533 1100 1590 iu·

96 1615 175 1676 dexo
200 1625 232 1675 nt
257 1616 417 1677 corniculo.
455 1618 525 1678 lolia
551 1619 662 1676 minora
683 1627 712 1676 et
733 1617 864 1677 tenuiora
888 1634 971 1695 quam
997 1617 1103 1675 ceteris

96 1699 290 1760 silvestribus.
328 1718 428 1761 semen
446 1701 524 1762 exile
544 1701 748 1778 tempestivom
771 1709 815 1760 est
831 1700 992 1777 messibus,
1009 1700 1104 1760 alvom

96 1793 202 1860 purgat
219 1783 335 1844 dimidio
352 1785 506 1846 acetabulo
521 1787 550 1846 in
565 1785 669 1844 mulso.
698 1784 768 1845 lolia
786 1786 851 1845 trita
870 1802 934 1845 cum
953 1785 1022 1845 olco
1038 1801 1082 1843 ar·
1095 1792 1146 1846 206

96 1884 181 1942 genna
202 1868 392 1928 iumentorum
416 1880 527 1931 sanant.
562 1869 646 1930 radix
663 1868 807 1929 acetabuli
823 1886 959 1929 mensura
978 1876 1061 1929 cocta
1076 1869 1104 1926 in

59 1972 86 2014 so
97 1949 207 2011 duobus
223 1954 358 2012 sextariis
374 1953 409 2014 ad
425 1954 554 2014 dimidias
570 1953 655 2014 datur
669 1949 705 2013 ad
721 1953 882 2014 lumborum
896 1954 966 2013 vitia
984 1961 1013 2012 et
1032 1953 1103 2012 ioci·

95 2036 183 2094 neris.
216 2035 399 2097 carbunculis
415 2038 567 2098 medentur
582 2056 619 2096 ex
637 2037 724 2096 melle
739 2036 820 2098 folia.
850 2037 964 2114 quidam
980 2037 1037 2096 hoc
1054 2054 1104 2113 ge·

96 2135 149 2176 nus
166 2119 303 2194 glaucion
318 2128 442 2195 vocant,
465 2121 514 2180 alii
532 2120 682 2199 paralium.
717 2123 845 2181 nascitur
860 2121 934 2180 euim
955 2122 983 2179 in
999 2121 1104 2180 adflatu

96 2201 183 2258 maris
199 2210 248 2273 aut
263 2203 374 2260 nitroso
392 2202 470 2265 loco.

160 2284 245 2361 (79.)
275 2284 408 2346 Alterum
429 2302 446 2344 e
468 2284 651 2345 silvestribus
667 2302 760 2362 genus
777 2284 935 2345 heraclium
950 2293 1082 2359 vocatur,
1095 2294 1147 2348 act

59 2387 86 2427 25
97 2365 132 2426 ab
154 2367 218 2427 aliis
234 2368 362 2447 ephron,
383 2368 479 2444 loliis,
502 2371 527 2428 si
542 2369 644 2448 procul
660 2369 815 2444 intuearis,
837 2369 986 2446 specimen
1004 2385 1103 2446 passe·

96 2468 158 2509 rum
174 2451 398 2530 praebentibus,
415 2453 516 2514 radice
530 2453 558 2512 in
573 2471 682 2513 summa
696 2461 793 2512 terrae
810 2461 893 2527 cute,
911 2452 1020 2511 semine
1036 2469 1103 2530 spu·

96 2551 172 2592 mec.
213 2536 327 2596 exhor
350 2537 407 2596 lina
429 2536 617 2614 splendorem
638 2536 753 2596 trahunt
774 2545 898 2597 aestate.
937 2535 1061 2596 tunditur
1077 2537 1105 2594 in

97 2616 156 2693 pila
172 2618 363 2679 comitialibus
379 2621 488 2680 morbis
510 2619 655 2681 acetabuli
670 2638 804 2680 mensura
822 2622 850 2679 in
865 2622 932 2680 rino
948 2620 1033 2696 albo,
1053 2638 1103 2680 vc·

96 2700 243 2759 mitionem
267 2704 341 2762 enim
363 2703 449 2781 iacit,
472 2704 683 2766 medicamento
706 2705 783 2783 quod
804 2705 958 2766 diacodion
979 2713 1007 2764 et
1028 2713 1104 2765 arte·

59 2782 178 2844 coriaco
201 2794 323 2845 vocatur
342 2787 532 2849 utilissimum.
576 2789 608 2849 lit
631 2798 726 2849 autem
748 2789 830 2849 huius
856 2791 1012 2868 papaveris
1036 2796 1147 2852 antiit&

98 2867 305 2948 cuiuscumque
320 2871 465 2932 silvestris
480 2873 622 2952 capitibus
638 2887 708 2935 cxx
721 2874 749 2932 in
765 2891 858 2952 aquae
880 2874 1016 2934 caelestis
1038 2891 1103 2932 sex-

95 2951 177 3010 tariis
198 2951 290 3010 tribus
312 2952 399 3014 biduo
422 2959 575 3018 maceratis
595 2959 623 3016 in
646 2958 806 3037 eademque
826 2957 983 3032 discoctis,
1000 2957 1104 3016 deinde

98 3035 209 3095 siccato
236 3036 397 3115 iterumque
428 3058 491 3100 cum
520 3041 608 3101 melle
638 3042 761 3102 decocto
790 3041 825 3100 ad
854 3041 984 3102 dimidias
1014 3042 1103 3118 partis

95 3136 207 3198 vapore
226 3122 313 3181 tenui.
345 3123 481 3185 addidere
501 3134 606 3204 postea
621 3124 772 3186 drachmas
791 3142 875 3185 senas
892 3127 990 3202 croci,
1009 3124 1102 3203 hypo·

59 3203 244 3282 ascisthidis,
272 3209 361 3282 turis,
391 3211 509 3269 acaciae
532 3218 561 3269 et
587 3211 667 3289 passi
694 3207 803 3269 Cretici
825 3212 993 3270 sextarium.
1029 3209 1103 3268 haec

97 3291 310 3368 ostentatione,
332 3293 457 3370 simplex
472 3293 589 3369 quidem
604 3295 762 3371 etantiqua
778 3293 828 3354 illa
843 3293 998 3354 salubritas
1014 3309 1102 3370 papa·
1131 3364 1137 3373 1

97 3385 169 3429 vere
188 3383 217 3434 ct
231 3375 320 3435 melle
337 3386 458 3437 constat.

160 3453 245 3534 (80.)
268 3459 395 3521 Tertium
411 3477 503 3537 genus
515 3468 561 3520 est
573 3459 759 3536 tithymalon,
774 3494 815 3505 —
829 3467 1162 3540 meconaxocampmn
