2422 3840
349 191 428 239 nun.
444 191 535 239 msa.
551 191 650 238 xvrn.
665 187 709 242 26.
727 179 881 257 (65-66.)
1043 177 1103 239 135

101 346 280 408 ostendentis
296 364 331 407 ac
345 346 401 424 piri
413 345 553 406 florentis.
583 345 638 404 erit
658 353 688 404 et
709 344 793 404 tertia
815 346 845 403 in
864 343 1017 405 bulborum
1040 352 1104 404 satu

100 431 220 504 scillae,
243 431 311 490 item
332 431 360 488 in
388 437 655 489 coronamentorum
676 430 814 503 narcissi,
836 445 958 507 namque
980 427 1103 488 ethaeo

99 525 145 574 ter
160 514 265 575 dorent
278 514 430 592 primoque
442 512 515 571 dore
529 512 647 589 primam
658 514 815 572 arationem
828 512 990 587 ostendunt,
1007 511 1103 571 medio

101 597 263 672 secundam,
278 599 364 658 tertio
380 596 575 670 novissimam,
595 595 709 673 quaudo
724 597 799 654 inter
813 590 881 654 sese
896 596 952 655 alia
968 594 1032 655 aliis
1051 611 1102 654 no·

78 689 143 744 atas
160 680 310 760 praebent.
340 698 376 740 ac
391 696 448 738 nou
463 680 492 737 in
506 679 670 739 novissimis
687 686 807 738 cavetur
827 696 864 737 ne
885 678 959 739 labis
980 678 1145 743 floren-245

100 764 178 824 tibus·
189 767 343 842 attingatur
358 763 478 837 hedera,
493 761 521 821 id
538 764 613 822 enirn
627 763 743 821 noxium
759 770 789 820 et
805 761 923 820 exitiale
935 762 962 820 ei
976 772 1022 822 est
1033 771 1102 821 tem·
1184 829 1185 832 Ἴ

99 866 164 925 pus.
195 849 335 926 quaedam
352 863 423 906 vero
441 854 470 905 et
486 863 552 905 suas
570 845 677 905 habent
697 853 796 923 notas,
817 845 901 904 sicuti
922 844 1003 905 licus.
1039 863 1103 904 curn

98 931 170 992 iolia
184 949 277 1010 pauca
292 932 322 991 in
337 932 485 990 cacumine
500 928 644 989 acetabuli
660 928 746 989 modo
767 929 943 1006 germinent,
964 938 1031 989 tunc
1046 947 1102 989 ma·

99 1033 185 1074 xurne
199 1014 339 1074 serendas
353 1014 435 1075 licus.

64 1122 90 1163 ao
139 1098 244 1177 ,(66.)
272 1099 313 1177 [ll
342 1097 564 1176 Aequinoctium
587 1115 706 1156 vernum
731 1115 758 1156 a.
784 1095 907 1155 dvm.
946 1095 1146 1161 kalendas246

98 1182 191 1261 April.
208 1184 310 1260 peragi
329 1181 450 1242 videtur.
485 1181 521 1240 ab
538 1198 574 1240 eo
592 1181 628 1241 ad
643 1179 830 1256 vergiliarum
844 1189 975 1239 exortum
991 1183 1103 1240 matuti-

97 1284 163 1326 num
181 1264 300 1326 Caesari
318 1265 481 1342 significant
496 1264 639 1325 kalendae
656 1263 751 1342 April.
778 1277 828 1322 111.
845 1281 936 1324 nonas
956 1265 1051 1342 April.
1075 1265 1104 1324 in

96 1349 193 1409 Attica
204 1349 348 1426 vergiliae
360 1349 478 1426 vesperi
491 1348 687 1422 occultantur,
701 1346 823 1406 eaedem
835 1347 975 1424 postridie
987 1350 1015 1406 in
1026 1347 1100 1407 Boe·

97 1435 167 1509 otia,
186 1429 306 1493 Caesari
318 1441 413 1491 autem
425 1439 454 1491 et
467 1427 622 1490 Chaldaeis
634 1431 729 1505 nonis,
745 1428 883 1507 Aegypto
896 1430 986 1490 Orion
998 1440 1027 1490 et
1041 1431 1103 1508 gla-

62 1517 162 1580 rcdins
180 1517 242 1574 eius
258 1515 396 1592 incipiunt
411 1513 560 1574 abscondi.
601 1511 719 1573 Caesari
736 1526 782 1573 Vl.
803 1513 867 1572 idus
889 1513 1033 1589 significat
1053 1516 1103 1573 irn-

98 1599 158 1658 bris
173 1597 266 1657 librae
281 1614 415 1658 occasus.
461 1609 551 1656 xffll.
575 1595 691 1655 kalend.
707 1595 796 1656 blaias
812 1595 952 1673 Aegypto
967 1597 1145 1661 suculaeaat

98 1681 234 1742 occidunt
249 1682 377 1759 vesperi,
396 1680 474 1740 sidus
492 1678 649 1739 vehemens
663 1689 693 1739 et
710 1689 788 1740 terra
803 1681 931 1758 marique
950 1678 1102 1758 turbidum,

97 1778 168 1824 xvl.
186 1764 312 1840 Atticae,
325 1778 383 1824 xv.
406 1762 535 1839 Caesari,
550 1765 684 1823 continuo
697 1763 848 1840 quatriduo
861 1763 1034 1840 significant,
1047 1763 1102 1822 As·

98 1849 194 1924 syriae
204 1856 300 1908 autem
308 1861 368 1908 ΧΠ.
379 1847 529 1907 kalendas.
544 1847 657 1907 bocest
667 1846 757 1924 volgo
769 1846 946 1925 appellatum
957 1848 1037 1907 sidus
1051 1847 1102 1907 Pa·

61 1932 229 2007 aurilicinm,
246 1934 379 2010 quoniam
395 1945 442 1991 xu.
459 1931 576 1991 kalend.
593 1931 683 1992 Maias
699 1929 779 1990 urbis
790 1930 901 1991 Romae
914 1931 1029 2006 natalis,
1044 1948 1102 2008 quo

95 2016 160 2076 iere
176 2016 320 2075 serenitas
336 2015 477 2091 redditur,
496 2014 656 2075 claritatem
672 2014 869 2077 observationi
885 2015 974 2089 dedit,
992 2014 1101 2074 nimbo·

95 2117 157 2160 rum
172 2107 341 2175 argumento
357 2097 467 2172 hyadas
478 2097 691 2176 appellantibus
704 2095 824 2158 Graecis
838 2116 889 2158 eas
901 2098 1012 2175 stellas,
1026 2098 1103 2176 quod

95 2199 206 2243 nomen
222 2183 312 2241 nostri
334 2198 350 2239 a
374 2179 557 2239 similitudine
576 2181 756 2257 cognominis
775 2180 879 2241 Graeci
896 2192 1018 2260 propter
1034 2200 1102 2241 sues

96 2265 251 2341 inpositum
271 2263 461 2338 arbitrantes,
484 2264 617 2341 inperitia
637 2262 828 2341 appellavere
855 2265 981 2324 suculas.
1013 2261 1145 2329 liae-248

60 2349 155 2407 assari
173 2356 203 2406 et
217 2360 291 2407 vm.
322 2346 462 2406 kalendas
482 2354 596 2411 notatur
616 2346 689 2406 dies.
717 2359 776 2406 vn.
800 2346 941 2407 kalendas
963 2348 1101 2426 Aegypto

95 2431 183 2491 hoedi
200 2433 379 2507 exoriuntur,
394 2444 439 2490 vl.
456 2429 597 2490 kalendas
610 2429 752 2489 Boeotiae
776 2439 804 2489 et
818 2429 933 2489 Atticae
955 2431 1033 2490 canis
1052 2449 1102 2490 ve·

96 2517 177 2593 speri
193 2515 372 2590 occultatur,
398 2513 513 2573 fidicula
527 2529 610 2572 mane
629 2514 728 2572 oritur.
747 2527 779 2573 v.
798 2512 939 2574 kalendas
959 2512 1102 2588 Assyriae

96 2596 186 2657 Orion
201 2608 279 2658 totus
296 2597 501 2671 absconditur,
521 2610 586 2656 1111.
606 2605 700 2657 autem
716 2598 806 2656 canis.
834 2610 880 2656 vl.
902 2615 992 2658 nonas
1012 2597 1102 2659 Maias

97 2678 218 2740 Caesari
242 2680 361 2740 suculae
381 2681 518 2740 matutino
545 2681 713 2740 exoriuntur
735 2689 764 2739 et
807 2693 881 2740 vm.
898 2681 962 2741 idus
987 2682 1103 2760 capella

58 2764 241 2843 aopluvialis,
256 2763 395 2842 Aegypto
412 2773 506 2823 autem
521 2764 625 2824 eodern
638 2763 686 2823 die
702 2765 780 2824 canis
794 2766 915 2842 vesperi
929 2765 1100 2826 occultatur.
1199 2830 1203 2835 ,

94 2848 139 2907 sic
153 2848 217 2907 lere
232 2849 261 2906 in
277 2861 324 2906 vl.
354 2848 435 2923 idus,
460 2849 508 2927 qui
524 2856 570 2907 est
584 2848 772 2924 vergiliarum
786 2857 923 2924 exortus,
946 2848 1103 2914 decurrunt

94 2931 201 2991 sidera.
227 2931 268 3010 [a]
295 2928 328 2989 ln
342 2931 399 2990 hoc
411 2932 551 3009 temporis
561 2932 714 2992 intervallo
725 2946 773 2992 xv
785 2931 888 2991 diebus
900 2932 999 3008 primis
1011 2933 1144 3008 agri-249

93 3016 180 3076 colae
197 3014 335 3092 rapienda
349 3024 414 3074 sunt
429 3015 533 3094 quibus
548 3017 724 3094 peragendis
740 3024 806 3075 ante
819 3015 1032 3093 aequinoctium
1044 3034 1103 3076 uon

94 3099 261 3173 suffecerit,
278 3100 343 3159 dum
359 3099 433 3158 sciat
445 3098 513 3158 iude
528 3107 622 3159 natam
637 3099 891 3176 exprobrationem
913 3098 1029 3158 foedam
1048 3118 1100 3178 pu·

58 3181 212 3247 astantium
229 3183 295 3243 vitis
310 3200 364 3260 per
377 3183 564 3242 imitationem
586 3191 685 3241 cantus
705 3182 781 3242 olitis
801 3183 995 3260 temporariae
1018 3185 1102 3261 quani

96 3267 228 3327 cuculum
243 3274 358 3326 vocant.
390 3264 518 3324 dedecus
535 3265 609 3324 enim
624 3264 748 3325 habetur
758 3265 1004 3345 opprobriumque
1016 3266 1100 3326 meri-

95 3357 154 3409 tum
166 3350 272 3411 lalcern
287 3349 323 3410 ab
339 3349 389 3409 illa
407 3349 529 3408 volucre
546 3349 575 3406 in
591 3348 649 3408 vite
666 3347 857 3426 deprehendi,
874 3359 905 3408 ut
920 3348 958 3408 ob
975 3348 1005 3408 id
1018 3357 1101 3428 petu-

96 3430 201 3504 lantiae
217 3435 296 3495 sales
313 3435 397 3493 etiam
415 3451 479 3492 cum
493 3432 586 3510 primo
600 3449 672 3492 vere
691 3430 834 3491 ludantur.
856 3433 994 3506 auspicio
1006 3442 1119 3487 nam
