2422 3840
114 183 174 270 288
473 194 777 243 o.nn1ursucunn1

115 369 200 410 causa
217 351 278 409 dari
294 352 322 409 in
342 350 443 423 febre,
461 351 528 408 item
542 348 707 408 articulario
725 347 826 406 morbo
850 355 880 405 et
900 365 1058 406 nervorum
1081 349 1122 406 in-

115 435 246 493 firmitate
264 433 460 494 laborantibus
478 442 507 491 et
522 431 691 492 mulieribus
711 432 767 489 vini
782 431 941 490 abstemiis.

73 528 122 581 116
198 518 281 594 (55.)
303 517 400 576 blellis
416 525 534 576 naturae
551 517 662 575 adnexa
679 532 746 574 cera
763 523 824 589 est,
848 514 884 573 de
900 514 981 573 cuins
998 515 1120 590 origine,

70 599 101 684 ᾗ)
112 600 135 674 ἐξ
148 600 290 680 bonitate,
307 599 469 660 nationibus
485 601 543 658 suis
559 599 634 658 locis
649 598 780 656 diximus.
799 599 890 657 omnis
907 607 1003 656 autem
1019 598 1120 674 mollit,

114 683 264 758 calefacit,
284 684 386 762 explet
403 701 544 761 corpora,
565 700 670 741 recens
684 681 797 740 melior.
820 681 902 754 datur
917 682 945 739 in
960 680 1143 740 sorbitiones

114 768 313 843 dysintericis,
331 768 446 845 favique
462 767 518 846 ipsi
534 768 561 824 in
580 765 659 843 pulte
677 766 770 825 alicae
788 766 868 842 prius
885 773 991 824 tostae.
1019 764 1121 824 adver·

113 859 192 909 satur
214 850 296 910 lactis
312 860 447 926 naturae,
470 869 504 909 ac
519 850 577 908 mili
593 848 787 925 magnitudine
803 850 905 908 decern
922 866 1013 926 grana
1034 866 1121 907 cerae

112 934 212 993 hausta
234 952 291 994 non
314 936 457 1012 patiuntur
479 934 628 1010 coagulari
651 932 697 991 lac
718 933 746 990 in
770 932 930 991 stomacho.
970 934 995 991 si
1016 932 1122 1008 inguen

112 1026 235 1091 tumeat,
251 1017 345 1077 albam
363 1035 459 1076 ceram
477 1018 506 1075 in
523 1017 598 1095 pube
619 1017 717 1075 luxisse
735 1016 864 1075 remedio
878 1025 933 1075 est.

70 1109 120 1163 117
196 1101 279 1177 (56.)
297 1101 361 1159 Nec
373 1100 455 1159 huius
468 1118 537 1158 usus
549 1116 621 1177 quos
633 1101 721 1159 mixta
736 1099 800 1158 aliis
808 1107 937 1177 praestat
950 1115 1153 1158 enumerarem

112 1185 205 1261 possit
231 1184 387 1257 medicina,
416 1183 499 1242 sicuti
521 1201 576 1242 nec
599 1191 762 1242 ceterorum
784 1201 938 1260 quaecum
962 1184 1027 1242 aliis
1055 1200 1120 1260 pro-

70 1275 187 1325 assunt.
221 1267 290 1342 ista,
307 1277 336 1326 ut
352 1267 490 1341 diximus,
513 1268 635 1343 ingeniis
652 1274 793 1326 constant.
824 1284 881 1325 non
896 1267 967 1326 fecit
984 1276 1119 1342 ceratum,

112 1350 298 1426 malagmata,
325 1351 494 1429 emplastra,
517 1351 656 1425 collyria,
677 1351 804 1410 antidota
827 1368 933 1428 parens
951 1350 1001 1409 illa
1024 1368 1059 1410 ac
1081 1350 1120 1408 di·

114 1435 177 1492 vina
198 1452 293 1493 rerum
316 1435 436 1509 artilex,
458 1435 635 1494 officinarum
653 1434 743 1509 haec,
761 1435 846 1494 immo
862 1435 960 1493 verius
983 1435 1119 1493 avaritiae

114 1527 273 1578 commenta
296 1527 368 1577 sunt.
404 1528 522 1578 naturae
544 1518 659 1596 quidem
681 1534 771 1595 opera
790 1518 923 1577 absoluta
947 1526 1035 1595 atque
1054 1536 1118 1596 per·
1131 1542 1152 1581 rs

113 1600 190 1660 lecta
212 1603 382 1678 gignuntur,
407 1603 506 1679 paucis
528 1619 566 1659 ex
588 1618 691 1676 causa,
718 1618 776 1659 non
792 1620 830 1659 ex
849 1602 1016 1661 coniectura
1034 1600 1119 1661 rebus

113 1685 288 1762 adsumptis,
312 1695 340 1743 ut
363 1701 434 1744 suco
456 1685 553 1761 aliquo
569 1684 648 1742 sicca
664 1693 861 1762 temperentur
876 1686 911 1745 ad
929 1694 1057 1759 meatus,
1075 1692 1120 1744 aut

71 1775 121 1829 118
132 1784 256 1845 corpore
275 1768 331 1827 alio
348 1770 470 1828 umentia
486 1767 629 1826 adnixus.
649 1768 826 1845 scripulatim
845 1768 959 1845 quidem
976 1769 1119 1845 colligere

112 1869 146 1910 ac
161 1852 285 1911 miscere
302 1853 371 1912 viris
384 1870 442 1911 non
457 1853 642 1910 coniecturae
655 1851 793 1910 humanae
808 1869 897 1930 opus,
912 1853 965 1911 sed
981 1852 1117 1929 inpuden·

113 1935 168 1993 tiae
195 1944 248 1993 est.
284 1952 337 1992 nos
365 1953 419 1993 nec
444 1934 604 1993 Indicarum
631 1934 876 2014 Arabicarumque
905 1936 1045 1994 mercium
1072 1944 1148 1994 autao

113 2017 225 2074 externi
241 2015 320 2074 orbis
337 2018 499 2093 attingimus
517 2018 683 2076 medicinas.
711 2035 767 2076 non
782 2018 898 2097 placent
911 2019 1050 2078 remediis
1065 2027 1119 2077 tam

114 2098 201 2176 longe
218 2101 384 2175 nascentia,
402 2119 459 2161 non
474 2101 557 2160 nobis
572 2102 742 2178 gignuntur,
767 2104 902 2161 immone
919 2103 977 2162 illis
994 2102 1118 2179 quidem,

112 2183 219 2262 alioqui
234 2201 292 2243 non
307 2186 476 2245 venderent.
506 2185 626 2245 odorum
643 2203 729 2245 causa
741 2196 1010 2264 unguentorumque
1026 2195 1057 2245 et
1072 2186 1118 2245 de·

113 2266 257 2344 liciarum,
274 2269 298 2327 si
312 2270 425 2347 placet,
439 2271 524 2329 etiarn
539 2270 753 2346 superstitionis
766 2271 857 2345 gratia
870 2279 1016 2345 emantur,
1031 2287 1118 2347 quon-

110 2351 164 2410 iam
188 2360 251 2411 ture
279 2354 475 2432 supplicamns
500 2361 529 2411 et
554 2362 647 2412 costo.
685 2351 807 2412 salutem
830 2353 943 2430 quidem
968 2354 1032 2412 sine
1058 2353 1118 2412 istis
1128 2367 1150 2406 as

113 2451 201 2511 posse
222 2445 357 2495 constare
371 2437 420 2496 vel
432 2436 470 2495 ob
487 2435 514 2495 id
530 2435 716 2514 probabimus
736 2445 765 2494 nt
780 2445 858 2496 tanto
874 2437 967 2514 magis
987 2436 1032 2495 sui
1049 2437 1117 2496 deli-

113 2519 172 2577 cias
189 2518 305 2597 pudeat.

70 2610 120 2663 119
195 2602 279 2680 (57.)
303 2603 362 2663 Sed
377 2604 535 2664 medicinas
552 2621 568 2660 e
584 2601 703 2661 lloribus
722 2605 994 2680 coronamentisque
1008 2612 1037 2662 et
1053 2604 1117 2663 hor·

111 2685 210 2743 tensiis
238 2703 370 2765 quaeque
395 2687 561 2748 mandantur
582 2685 692 2745 herbae
717 2687 865 2762 persecuti
887 2704 1012 2765 quonam
1033 2685 1118 2746 modo

110 2768 223 2844 frugum
237 2768 413 2829 omittimus?
433 2773 562 2829 nimirum
579 2777 608 2827 et
623 2769 675 2828 has
691 2769 818 2829 indicare
837 2771 1000 2830 conveniat.
1022 2770 1072 2830 25.
1089 2768 1150 2832 lnao

112 2853 209 2929 primis
224 2854 435 2930 sapientissima
458 2852 618 2913 animalium
639 2870 705 2911 esse
726 2862 839 2914 constat
863 2872 938 2931 quae
958 2854 1046 2930 fruge
1070 2871 1119 2912 ve·

110 2944 234 2995 scantur.
265 2935 393 3013 Siliginis
407 2955 497 3015 grana
517 2935 665 2995 combusta
680 2945 710 2994 et
728 2938 793 2996 trita
810 2955 873 2996 oum
898 2938 964 2997 vino
984 2937 1118 3011 Amineo,

111 3020 203 3078 oculis
219 3019 298 3078 inlita
313 3020 470 3099 epiphoras
483 3020 601 3095 sedant,
626 3020 711 3078 tritici
725 3038 797 3081 vero
812 3021 891 3080 ferro
911 3020 1064 3081 combusta
1086 3020 1120 3078 iis

71 3112 120 3166 tao
133 3119 206 3179 quae
222 3102 313 3180 frigus
328 3106 433 3163 usserit
453 3111 664 3182 praesentaneo
680 3112 744 3162 sunt
754 3105 894 3164 remedio.
914 3103 1018 3165 Farina
1033 3104 1120 3165 tritici

112 3203 148 3244 ex
163 3193 248 3245 aceto
266 3196 350 3246 cocta
364 3205 517 3247 nervorum
533 3185 795 3262 contractionibus,
824 3205 888 3246 cum
904 3204 1029 3248 rosaceo
1046 3204 1119 3248 vero
1130 3205 1152 3248 as

111 3278 140 3327 et
156 3269 212 3328 ilco
229 3271 307 3328 sicca
323 3271 475 3349 myxisque
493 3271 625 3332 decoctis
641 3269 767 3329 furfures
783 3271 907 3330 tonsillis
926 3271 1120 3351 faucibusque

109 3353 341 3428 gargarizatione
353 3365 481 3432 prosunt.
498 3356 605 3415 Sextus
617 3352 792 3431 Pomponius
807 3356 945 3432 praetorii
955 3355 1009 3414 viri
1022 3364 1118 3432 pater,

99 3434 263 3516 Hispaniae
288 3438 433 3500 citerioris
455 3441 612 3523 princeps,
639 3455 701 3496 cum
725 3438 838 3498 horreis
861 3440 920 3498 suis
944 3438 1121 3498 ventilandis
