2422 3840
306 196 387 244 nnn.
403 193 495 242 ursa.
510 193 625 240 xvnu.
642 191 685 243 11.
704 179 883 258 (so.)-xx.
902 178 960 256 (1.)
1081 177 1142 241 187

133 351 271 415 libanotis
285 350 360 410 locis
374 348 505 427 putribus
522 355 551 406 et
564 347 671 407 macris
692 365 727 408 ac
747 347 872 407 roscidis
893 348 1000 407 seritur
1020 349 1140 410 semine.

133 435 263 498 radicem
278 433 366 494 habet
379 432 510 507 olusatri,
526 431 595 490 nihil
610 440 673 490 ture
691 430 883 491 differentem.
910 449 980 491 usus
997 432 1059 494 eius
1074 443 1143 512 pust

134 537 236 580 aunum
251 516 401 577 stomacho
417 514 633 575 saluberrimus.
664 515 779 593 quidam
795 533 858 575 eam
874 517 989 576 nomine
1006 517 1063 577 aiio
1078 535 1141 578 ros·

133 603 270 663 marinum
286 600 445 679 appellant.
469 601 625 672 zmyrnium
639 598 704 658 clus
716 600 823 657 seritur
834 599 936 659 iisdem
947 600 1032 676 locis,
1049 620 1124 661 mur·
1133 609 1185 665 188

102 685 121 747 'a
133 704 252 765 remque
265 685 365 745 radice
381 683 492 760 resipit.
522 683 623 742 eadem
645 690 676 741 et
695 681 862 759 siliquastro
879 683 963 742 satio.
991 684 1102 764 reliqua
1124 702 1141 744 a

134 771 242 832 ceteris
259 778 288 829 et
300 769 393 827 odore
410 775 439 826 et
454 782 562 844 sapore
578 766 730 840 differunt,
755 773 931 842 craneum,
948 775 1084 846 tantaque
1096 778 1143 829 cst

133 854 287 914 diversitas
311 851 478 928 aequeris,
501 860 611 910 utnon
632 848 725 909 solum
753 847 831 909 aliud
859 849 916 909 alio
942 858 1067 911 mutetur
1088 853 1142 913 sed

135 939 222 997 etiam
235 937 264 994 iu
283 944 373 994 totum
390 934 545 994 auferatur.
578 933 655 1011 Apio
678 935 806 993 eximunt
830 933 895 994 coci
923 932 1054 994 obsoniis
1075 952 1141 996 ace-

133 1030 202 1093 tum,
220 1019 324 1078 eodem
341 1017 453 1078 cellarii
464 1019 493 1076 in
504 1018 599 1077 saccis
611 1015 732 1077 odorem
743 1016 810 1076 vinc
822 1034 951 1093 gravem.
975 1015 1014 1078 Et
1025 1017 1184 1085 hacto-189

98 1121 124 1162 10
133 1121 186 1164 nus
201 1103 351 1162 hortensia
365 1101 441 1161 dicta
455 1102 520 1181 sint,
538 1100 667 1160 ciborum
683 1101 777 1179 gratia
792 1101 947 1162 dumtaxat.
979 1119 1141 1164 maxumum
1173 1156 1176 1161 .

133 1187 249 1267 quidem
264 1204 339 1265 opus
352 1187 381 1245 in
394 1186 497 1245 iisdem
508 1193 628 1245 naturae
640 1193 746 1260 restat,
761 1185 894 1262 quoniam
904 1195 1065 1264 proventus
1080 1196 1141 1247 tau·

132 1281 190 1331 tum
207 1269 301 1330 adhuc
317 1286 501 1347 summasque
516 1269 653 1347 quasdam
668 1269 864 1329 tractavimus.
894 1287 966 1330 vera
978 1280 1075 1332 autem
1093 1288 1140 1330 cu·

131 1355 235 1432 iusque
249 1361 350 1414 natura
365 1369 423 1412 non
440 1354 494 1411 nisi
507 1352 622 1412 medico
639 1352 745 1412 eiiectu
767 1353 906 1430 pernosci
927 1362 1041 1431 potest,
1066 1371 1140 1433 opus

132 1438 236 1512 ingens
252 1436 457 1514 occultumque
473 1435 627 1495 diuinitatis
643 1444 674 1494 et
696 1452 753 1513 quo
774 1435 881 1496 nullum
901 1438 1026 1514 reperiri
1046 1439 1141 1516 possit

97 1522 232 1579 aruncius.
263 1517 307 1578 Ne
326 1519 447 1597 siugulis
468 1517 497 1579 id
515 1518 603 1578 rebus
627 1527 849 1578 contexeremus
869 1521 944 1580 iusta
965 1519 1036 1581 iecit
1054 1521 1139 1596 ratio,

133 1622 197 1663 cum
211 1602 247 1663 ad
262 1602 336 1664 aiios
351 1603 486 1663 medendi
500 1602 646 1663 desideria
660 1601 857 1680 pertinerent,
875 1602 971 1680 longis
990 1604 1140 1683 utriusque

132 1687 317 1748 dilationibus
332 1687 446 1762 futuris,
463 1686 488 1746 si
503 1686 729 1747 miscuissemus.
762 1703 837 1745 mmc
852 1687 912 1746 suis
923 1704 1059 1766 quaeque
1074 1706 1139 1767 par·

131 1770 209 1832 tibus
224 1771 398 1832 constabunt
411 1779 606 1849 poteruntque
618 1786 635 1830 a
648 1767 816 1830 uolentibus
831 1771 919 1847 iungi.

541 2097 775 2107 ——-—-——-

420 2368 897 2454 nortmanorum!

249 2539 637 2635 urrunnuru
679 2495 1125 2634 urunuurnu

511 2719 702 2786 LIBER
734 2719 814 2785 XX.

585 2901 734 2911 ..u—...—

199 3026 351 3104 (Secti.)
374 3022 535 3084 Maxumum
550 3025 617 3086 hinc
632 3042 707 3105 opus
722 3034 841 3086 naturae
858 3026 1005 3086 ordiemur
1016 3032 1046 3084 et
1057 3022 1141 3084 cibos
1166 3033 1181 3086 l

135 3128 205 3171 suos
222 3111 329 3170 homiui
347 3106 526 3168 narrabimus
548 3109 693 3187 faterique
712 3127 852 3187 cogemus
872 3110 970 3187 ignota
994 3125 1061 3169 esse
1084 3123 1139 3184 per

100 3211 210 3272 aequae
225 3196 313 3255 vivat.
345 3207 430 3252 nemo
445 3191 475 3252 id
492 3209 611 3272 parvom
634 3209 669 3253 ac
689 3193 833 3253 modicum
857 3191 1066 3254 existimaverit
1087 3206 1137 3249 no·

134 3281 237 3338 minum
253 3278 364 3338 vilitate
379 3275 531 3354 deceptus.
560 3293 618 3354 pax
639 3293 739 3336 secum
760 3277 789 3335 in
806 3276 850 3337 his
866 3285 914 3336 aut
928 3277 1035 3337 bellum
1056 3280 1137 3333 uatu-

135 3361 328 3438 medicetur,
351 3360 418 3420 odia
440 3360 621 3439 amicitiaque
640 3378 738 3420 rerum
760 3360 910 3421 surdamm
931 3377 966 3419 ac
981 3375 1069 3418 seusu
1088 3374 1135 3418 ca·

133 3444 255 3505 rentium
271 3455 315 3522 et,
338 3461 396 3524 quo
412 3444 506 3522 magis
527 3444 677 3521 miremur,
700 3444 796 3504 omnia
817 3461 852 3504 ea
875 3442 1024 3503 hominum
1038 3458 1150 3508 causa,
