2422 3840
348 195 429 241 usn.
446 195 537 243 ausu.
560 191 793 246 XV1111.8·-ll.
812 185 964 262 (oa-58.)
1084 182 1144 245 1¹85

138 355 240 426 ratque
265 348 293 406 iu
314 349 410 407 urceis
435 349 567 408 velanni
590 351 694 429 spatio.
732 351 788 411 duo
812 369 845 411 ea
867 366 976 428 genera
1000 349 1099 409 caules
1115 359 1145 410 et

138 431 256 490 racemi.
296 431 471 505 corymbian
502 433 576 493 hanc
604 443 709 493 vocant
731 434 947 513 corymbosque
975 449 1047 511 quos
1074 450 1142 493 con·

139 515 228 574 diunt.

202 596 250 657 10.
275 597 359 676 (57.)
378 596 498 660 Morbos
515 599 663 660 hortensia
680 617 796 678 quoque
813 602 938 660 sentiunt
961 600 1035 659 sicut
1058 599 1188 665 reli-176

113 695 192 758 equa
208 690 285 739 terra
306 688 378 740 sata.
415 699 537 760 namque
562 693 592 743 et
616 684 738 743 ocimum
760 692 911 743 senectute
934 683 1094 758 degenerat
1116 686 1143 742 in

135 763 306 842 serpyllum,
324 773 352 823 et
367 765 549 840 sisymbrium
565 769 593 826 in
609 765 777 842 zmintham,
800 775 829 824 et
850 766 1012 824 exsemine
1032 765 1142 827 brassi-

135 865 188 906 cae
206 849 315 906 vetaris
332 864 402 926 rapa
426 849 510 925 dunt,
532 859 619 928 atque
644 852 776 909 invicem.
816 858 845 908 et
864 857 986 908 necatur
1004 851 1143 908 cuminum

136 948 152 990 a
177 930 338 1006 limodoro,
365 933 419 990 nisi
442 944 627 1011 repurgetur.
671 942 716 992 est
737 942 831 992 autem
865 932 1016 1008 unicaule,
1045 932 1143 992 radice

134 1012 224 1073 bulbo
240 1014 342 1089 simili,
358 1033 415 1076 non
433 1017 486 1074 nisi
502 1018 529 1075 in
544 1017 647 1094 gracili
665 1017 730 1076 solo
751 1034 884 1077 nascens.
921 1016 994 1075 alius
1012 1016 1142 1094 privatim

100 1098 239 1157 cacumini
254 1097 371 1157 morbus
387 1098 512 1159 scabies.
543 1109 572 1160 ct
587 1102 710 1161 ocimum
736 1099 789 1160 snb
812 1103 891 1160 canis
912 1108 975 1158 ortu
998 1098 1141 1178 pallescit.

135 1183 227 1242 omnia
242 1199 314 1241 vero
329 1200 452 1243 accessu
468 1183 597 1242 mulieris
612 1184 794 1244 menstrualis
814 1184 983 1243 flavescunt.
1017 1183 1187 1248 bestioltt

134 1266 225 1326 larum
238 1283 355 1345 quoqne
370 1284 480 1344 genera
495 1268 690 1343 innascuntur,
705 1269 787 1345 napis
800 1267 922 1346 pulices,
936 1265 1065 1344 raphano
1077 1284 1142 1325 uru-

134 1368 187 1409 cae
203 1359 232 1408 et
247 1350 407 1423 vermiculi,
427 1351 494 1409 item
507 1349 629 1410 lactucis
647 1360 677 1411 et
693 1351 778 1425 oleri,
798 1352 929 1428 utrisque
950 1350 1007 1409 boc
1019 1349 1141 1426 amplius

134 1433 253 1492 limaces
270 1440 299 1490 et
315 1432 448 1507 cocleae,
463 1450 553 1510 porro
564 1452 637 1494 vero
652 1435 762 1510 privata
774 1433 905 1492 animalia
918 1450 992 1510 quae
1004 1432 1142 1492 facillime

98 1528 124 1569 1⁵
134 1522 267 1589 stercora
281 1514 388 1574 iniecto
408 1518 558 1594 capiuntur
574 1517 726 1576 condentia
747 1517 775 1574 in
796 1517 824 1576 id
845 1535 888 1575 se.
918 1515 999 1575 lerro
1024 1532 1141 1594 quoque

132 1615 190 1657 non
209 1598 349 1675 expedire
365 1601 444 1675 tangi
460 1608 568 1675 rutam,
591 1598 729 1674 cunilam,
745 1597 885 1675 mentam,
903 1599 1025 1657 ocimum
1041 1607 1144 1658 unctor

134 1689 179 1740 est
198 1679 322 1741 Sabinus
335 1680 403 1742 Tiro
420 1683 449 1740 in
464 1682 540 1743 libro
558 1683 717 1762 cepuricon
741 1699 825 1760 quem
841 1681 1004 1742 Maecenati
1024 1682 1140 1741 dicavit.

195 1763 279 1844 (58.)
302 1763 381 1825 ldem
396 1774 496 1826 contra
511 1766 659 1842 formicas,
675 1783 732 1825 non
743 1766 893 1825 minumum
905 1765 1053 1825 hortorum
1066 1766 1187 1829 exi-178

133 1849 214 1924 tium,
232 1850 255 1906 si
273 1865 331 1908 non
347 1850 403 1909 sint
418 1852 511 1929 rigui,
535 1849 693 1910 remedium
708 1851 877 1911 monstravit
894 1849 989 1908 limum
1004 1851 1141 1907 marinum

96 1953 122 1993 ao
133 1940 180 1991 ant
197 1931 323 1993 cinerem
339 1935 507 2012 opturaudis
524 1953 620 1996 earum
637 1933 840 2010 foraminibus,
862 1933 915 1993 sed
936 1932 1140 1992 efficacissime

131 2014 309 2095 heliotropio
333 2017 423 2079 herba
446 2028 594 2077 necantur.
632 2019 745 2096 quidam
769 2026 798 2077 et
822 2034 924 2096 aquam
941 2017 1032 2077 diluto
1047 2016 1140 2076 latere

132 2098 221 2159 crudo
239 2100 380 2158 inimicam
395 2100 441 2160 his
460 2110 567 2178 putant.
603 2100 750 2179 Naporum
767 2101 909 2161 medicina
932 2101 994 2159 ervi
1013 2100 1121 2179 aliquid
1133 2106 1186 2162 179

131 2199 186 2240 una
203 2183 273 2256 seri,
288 2183 363 2241 sicut
379 2182 489 2243 olerum
503 2185 592 2261 cicer,
609 2193 689 2243 arcet
703 2185 777 2242 enim
791 2202 906 2243 urucas.
928 2200 985 2261 quo
998 2184 1022 2242 si
1031 2184 1141 2242 omisso

133 2272 235 2323 enatae
252 2265 318 2339 sint,
336 2266 493 2325 remedium
506 2274 551 2325 cst
562 2265 686 2325 absinthi
699 2283 786 2325 sucus
798 2266 914 2325 decocti
927 2267 1077 2343 inspersus
1092 2265 1141 2324 vel

95 2347 196 2407 assedi
219 2365 302 2427 qnam
329 2349 441 2408 aizoum
464 2357 579 2408 vocant.
607 2366 699 2426 genus
724 2349 781 2408 boc
806 2348 916 2408 herbae
938 2348 1070 2409 diximus.
1095 2368 1171 2410 suum

131 2431 236 2490 Samen
253 2433 364 2492 olerum
382 2433 407 2492 si
422 2450 493 2493 suco
510 2434 572 2491 eius
594 2432 786 2497 madefactum
802 2440 933 2506 seratur,
959 2431 1040 2491 olera
1055 2431 1186 2495 notitiae

131 2516 290 2575 animalium
309 2516 435 2576 obnoxia
450 2516 544 2576 lutura
562 2516 692 2592 tradunt,
714 2517 742 2575 in
764 2525 852 2576 totum
866 2532 938 2575 vern
954 2516 1053 2574 necari
1074 2533 1142 2574 urn-

132 2615 192 2670 cas,
209 2599 233 2656 si
244 2599 311 2676 palo
321 2601 494 2677 inponantur
506 2601 535 2658 in
548 2598 640 2659 hortis
651 2617 719 2660 ossa
731 2601 834 2678 capitis
846 2617 884 2659 ex
898 2602 1003 2678 equino
1015 2618 1142 2676 genere,

130 2679 255 2739 feminae
278 2682 434 2742 dumtaxat.
475 2683 615 2743 adversus
638 2701 742 2743 urucas
764 2691 794 2742 et
816 2701 949 2744 cancrum
971 2683 1141 2744 fluviatilem

95 2776 122 2818 ao
133 2764 161 2822 in
177 2763 272 2823 medio
290 2764 376 2826 horto
397 2784 568 2845 suspensum
584 2767 715 2827 auxiliari
731 2774 855 2827 narrant.
882 2775 947 2826 sunt
961 2769 1009 2846 qni
1024 2768 1140 2843 saugui-

130 2847 193 2905 neis
208 2847 298 2924 virgis
313 2858 431 2926 tangant
447 2869 481 2910 ea
498 2868 573 2929 quiae
587 2851 685 2911 nolunt
700 2850 745 2910 bis
758 2849 883 2911 obnoxia
896 2869 974 2911 esse.
998 2850 1139 2911 lnlestant

130 2937 160 2990 et
181 2930 291 2990 culices
307 2932 408 2992 hortos
421 2935 530 3012 riguos,
548 2935 707 3013 praecipue
720 2935 743 2993 si
755 2935 811 2995 sint
826 2935 998 2995 arbusculae
1010 2934 1135 3012 aliquae.

129 3013 158 3072 hi
178 3014 305 3091 galbano
323 3035 449 3077 accenso
466 3018 609 3094 fugantur.

195 3099 241 3158 11.
259 3099 331 3160 Nam
343 3101 422 3180 qnod
432 3102 468 3161 ad
483 3104 719 3179 permutationem
732 3105 870 3163 seminum
882 3104 992 3179 attinet,
1004 3102 1176 3181 quibus-181

91 3201 119 3244 ss
130 3183 194 3243 dam
209 3202 246 3243 ex
258 3184 303 3244 his
319 3185 438 3244 firmitas
449 3185 540 3244 maior
553 3194 613 3261 est,
629 3196 660 3246 nt
676 3186 840 3262 coriandro,
858 3187 956 3264 betae,
973 3203 1072 3265 porro,
1088 3203 1136 3244 na-

128 3268 247 3343 sturtio,
270 3269 377 3346 sinapi,
402 3285 525 3342 emme,
551 3270 664 3330 cunilae
686 3279 716 3331 et
741 3270 805 3331 lere
827 3271 959 3346 acribus,
981 3271 1135 3330 infirmiora

128 3358 222 3408 autem
238 3360 303 3410 sunt
320 3351 461 3429 atriplici,
484 3351 596 3430 ocimo,
620 3353 806 3430 cucurbitae,
831 3356 958 3429 cucumi,
982 3363 1011 3413 et
1026 3353 1136 3413 aestiva

129 3433 222 3492 omnia
237 3433 365 3495 hibernis
382 3435 474 3511 magis
489 3435 600 3514 durant,
615 3439 842 3499 minumeautem
855 3437 1008 3514 gethunm.
1031 3436 1094 3491 sed
1102 3453 1150 3487 ea
