2422 3840
283 180 299 212 ‘⁴
317 188 399 235 nau.
417 186 507 234 nisu.
524 187 609 233 xxm.
625 183 745 238 21-22.
763 173 916 253 (ac-ua)
1045 174 1105 236 279

99 343 181 402 stium
194 340 471 400 inflammationibus.
488 341 604 401 decocti
616 341 644 398 in
656 341 741 400 faece
753 341 811 399 vini
823 341 973 401 oculorum
987 341 1107 418 epipho·
1115 350 1149 404 69

98 426 139 483 ris
156 427 309 504 supposito
331 423 452 484 linteolo
475 423 635 483 medentur.
668 424 732 483 lere
754 425 782 483 iu
801 440 983 502 quocumque
1002 424 1105 483 morbo

97 509 189 584 magis
204 509 335 568 decoctis
351 516 482 582 utuntur,
499 508 567 565 item
583 506 618 566 ad
634 507 766 567 tibiarum
782 516 873 567 taetra
890 508 990 568 ulcera
1006 510 1105 567 rimas·

99 608 155 667 que
179 607 334 669 corporum
354 608 534 669 quacumque
549 592 577 648 iu
599 600 682 668 parte
702 592 793 649 farina
816 591 1019 651 arefactorum.
1057 610 1105 652 au·

76 686 195 734 stumno
208 684 301 735 autem
314 675 501 751 colliguntur,
516 693 579 734 cum
592 674 752 751 plurumum
761 674 868 733 valent.
891 693 977 735 sucus
990 693 1106 754 quoque

99 779 137 819 ex
151 761 241 819 tunsis
257 777 415 837 expressus
430 769 478 819 aut
493 758 625 818 decoctis
638 757 715 816 utilis
732 757 762 816 lit
778 758 912 835 corporis
927 759 1023 818 dolori
1043 777 1107 819 oum

98 843 198 917 melle,
218 843 294 902 idem
307 843 428 903 odorem
444 844 576 921 corporis
590 841 741 901 iucundum
754 841 975 918 adfectantibus,
992 861 1055 902 cum
1071 844 1106 901 iri

97 927 176 986 arida
189 926 305 986 et'salis
325 929 442 1002 exiguo.
470 927 541 985 lolia
560 935 590 985 et
608 943 695 1003 supra
715 925 799 985 dictis
819 925 969 985 medentur
986 935 1015 985 ct
1032 934 1149 989 stru-to

96 1013 165 1085 mis,
182 1009 279 1088 panis,
297 1009 443 1069 ulceribus
461 1011 489 1068 iu
505 1010 581 1069 lucie
596 1011 719 1070 decocta
734 1010 763 1068 iu
778 1010 856 1068 vino.
888 1010 959 1069 cinis
975 1028 991 1068 e
1007 1009 1107 1069 radice

64 1104 88 1144 ¹⁰
97 1093 248 1172 alopecias
264 1093 397 1153 emendat
409 1103 439 1153 et
453 1095 540 1153 rimas
553 1094 658 1172 pedum
671 1094 824 1172 sedisque,
842 1093 984 1153 decoctae
999 1093 1105 1153 radicis

96 1177 125 1236 in
139 1177 208 1236 oleo
224 1195 327 1252 sucus,
346 1180 503 1255 perniones
520 1185 548 1235 et
569 1177 708 1237 ambusta.
738 1186 767 1236 et
781 1178 916 1253 gravitati
936 1177 1044 1236 aurium
1064 1177 1105 1235 in·

96 1260 235 1334 funditur,
258 1278 274 1319 a
296 1259 440 1320 contraria
460 1278 530 1320 aure
545 1261 573 1319 in
589 1261 692 1321 dolore
708 1261 842 1320 dentium.
873 1261 992 1337 prodest
1006 1269 1035 1320 et
1049 1261 1105 1319 uri·

87 1361 151 1403 nae
165 1353 234 1420 puta
248 1343 362 1403 modice
379 1344 462 1403 radix
478 1354 507 1403 et
522 1345 676 1403 menstruis
695 1351 724 1402 et
743 1343 842 1402 lateris
859 1343 1020 1417 doloribus,
1038 1345 1107 1403 item

96 1428 205 1504 ruptis,
230 1427 396 1502 convolsis,
416 1427 559 1503 tussibus,
580 1427 734 1486 drachmae
750 1426 880 1504 pondere
899 1428 928 1484 in
943 1428 1009 1484 vino
1025 1436 1104 1504 pota.

62 1533 87 1573 15
98 1510 199 1570 eadem
222 1519 252 1568 et
266 1512 437 1570 vomitiones
453 1510 568 1570 adiuvat
590 1510 824 1570 conmanducata.
858 1513 966 1569 semiue
990 1520 1104 1587 sumpto

95 1591 225 1654 turbatur
238 1603 350 1653 venter.
382 1592 574 1669 Chrysermus
587 1603 616 1652 et
632 1594 780 1672 parotidas
796 1594 824 1651 iu
839 1595 905 1654 vino
923 1594 1047 1654 decocta
1061 1602 1146 1655 ra·71

95 1677 162 1736 dice
179 1679 306 1752 curavit,
328 1679 396 1737 item
412 1686 534 1738 strumas
559 1678 683 1737 admixta
702 1677 810 1751 cachry
831 1695 868 1736 ex
883 1677 960 1737 vino.
991 1678 1105 1753 quidam

48 1818 53 1827 ,
96 1761 190 1836 aiunt,
211 1761 236 1819 si
252 1763 376 1840 inposita
392 1761 491 1820 radice
507 1779 575 1839 pars
590 1763 653 1820 eius
670 1762 699 1820 in
714 1762 792 1821 lurco
807 1760 1000 1839 suspendatur
1022 1779 1106 1839 quar·

95 1852 186 1921 toque
205 1843 252 1904 die
273 1845 417 1921 solvatur,
439 1863 494 1904 una
516 1863 579 1905 oum
598 1843 696 1904 radice
718 1862 855 1905 arescere
877 1853 1022 1904 strumam.
1051 1845 1105 1904 So·

60 1927 219 2006 cophocles
234 1929 270 1989 ad
286 1928 432 2007 podagras
447 1937 571 2007 utroque
585 1927 688 2004 modo,
705 1937 789 1989 cocta
803 1928 949 2007 crudaque
964 1947 1033 1988 usus
1050 1938 1104 1989 est.

95 2011 300 2088 adperniones
316 2013 468 2072 decoctam
478 2031 516 2071 ex
531 2014 598 2073 oleo
612 2014 691 2072 dedit
713 2022 742 2072 et
760 2012 887 2073 subiusis
906 2012 978 2072 lelle
997 2013 1025 2071 in
1037 2013 1105 2072 vino

96 2102 126 2152 et
141 2094 319 2171 hydropicis.
353 2113 491 2154 venerem
507 2113 623 2173 quoque
644 2098 782 2156 concitari
802 2115 865 2156 cum
880 2098 946 2156 vino
965 2106 994 2156 et
1017 2097 1105 2156 melle

96 2177 244 2255 perunctis
259 2185 307 2236 aut
322 2176 488 2236 bibentibus
511 2176 667 2238 tradidere.
701 2178 885 2238 Xenocrates
912 2189 941 2238 et
963 2179 1105 2256 lichenas,
1115 2186 1148 2241 tu

95 2276 217 2338 psoras,
240 2260 354 2337 lepras,
376 2261 474 2320 radice
497 2262 525 2319 iu
545 2270 631 2321 aceto
653 2262 776 2322 decocta
797 2262 862 2321 tolli
886 2261 972 2337 dicit,
997 2263 1064 2321 item
1081 2265 1105 2322 si
1178 2307 1181 2311 -

60 2364 87 2404 aa
97 2352 181 2404 cocta
203 2345 239 2403 sit
256 2363 319 2403 cum
335 2344 514 2419 hyoscyamo
532 2353 562 2405 et
581 2347 646 2423 pice
669 2346 794 2424 liquida,
812 2345 921 2405 alarum
942 2362 1059 2423 quoque
1076 2355 1123 2422 etx

94 2427 230 2487 feminum
246 2428 329 2501 vitia,
346 2436 374 2486 et
390 2428 526 2506 capillum
542 2430 712 2506 crispiorem
728 2429 805 2505 heri,
821 2446 889 2497 raso
905 2431 983 2505 prius
998 2430 1104 2507 capite,

95 2513 119 2570 si
134 2511 233 2570 radice
252 2529 286 2570 ea
302 2511 439 2586 fricetur,
461 2513 555 2572 Simus
575 2512 687 2590 lapides
709 2514 819 2572 renium
840 2513 869 2570 in
890 2513 956 2570 vino
979 2513 1105 2572 decocta

95 2603 224 2671 potaque
245 2595 340 2654 eximi.
387 2594 580 2672 Hippocrates
607 2597 717 2655 semine
739 2596 775 2656 ad
793 2596 916 2673 impetus
938 2596 1022 2655 lienis
1043 2596 1105 2656 dari

96 2685 208 2736 censet.
243 2678 432 2737 iumentorum
455 2695 572 2756 quoque
592 2680 692 2740 ulcera
713 2697 748 2738 ac
769 2678 898 2738 scabiem
923 2680 1006 2740 radix
1024 2680 1104 2739 inlita

60 2777 86 2820 oo
96 2770 143 2820 aut
161 2760 304 2820 decoctae
318 2779 405 2820 sucus
422 2760 458 2821 ad
473 2763 561 2839 pilum
577 2763 700 2823 reducit.
730 2779 826 2821 mures
840 2763 942 2878 eadem
958 2763 1103 2841 fugantur,

97 2861 222 2904 caverna
238 2845 391 2922 praeclusa
407 2847 574 2905 moriuntur.

159 2928 243 3026 (33.)
266 2928 458 3006 Asphodelon
478 2929 512 2989 ab
526 2927 656 2989 llesiodo
679 2929 792 3007 quidam
813 2873 939 2990 halimon
961 2929 1147 3008 appellari73

28 3008 30 3012 ’
96 3012 318 3087 existimavere,
346 3013 423 3091 quod
446 3013 550 3073 falsum
572 3012 705 3072 arbitror.
750 3022 796 3072 est
816 3015 889 3073 euim
912 3030 965 3072 suo
987 3014 1103 3073 nomine

94 3094 237 3170 halimon,
253 3111 311 3153 uon
327 3097 408 3173 parvi
424 3097 476 3155 et
467 3086 560 3175 ipsum
576 3097 683 3156 erroris
698 3098 773 3156 inter
785 3106 931 3161 auctores
963 3096 1012 3158 alii
1027 3097 1102 3157 euim

60 3178 228 3240 asiruticem
251 3196 318 3237 esse
339 3180 438 3239 dicunt
458 3180 594 3254 densum,
620 3180 786 3256 candidum,
817 3183 879 3240 sine
902 3184 999 3259 spina,
1023 3181 1102 3241 loliis

96 3260 198 3340 oleae,
222 3263 274 3323 sed
293 3262 491 3339 mollioribus,
515 3265 601 3341 coqui
621 3264 694 3324 haec
717 3264 847 3324 ciborum
865 3266 967 3342 gratia.
1003 3265 1105 3325 radice

95 3347 215 3406 tormina
235 3345 337 3406 discuti
356 3346 509 3407 drachmae
532 3346 664 3425 pondere
680 3348 708 3406 in
729 3366 803 3426 aqua
820 3349 911 3408 mulsa
929 3357 1014 3427 pota,
1033 3350 1102 3407 item

94 3436 189 3505 rupta,
202 3430 352 3490 convolsa.
370 3430 418 3490 alii
431 3430 494 3490 olus
506 3432 673 3490 maritimum
685 3449 752 3491 esse
763 3433 865 3493 dixero
877 3432 1163 3491 salacinensem.
