2422 3840
116 165 177 226 244
462 173 491 220 c.
511 172 608 219 rursu
625 170 775 218 sncunnr

431 252 436 275 .

116 340 177 406 tur,
205 329 340 390 silvestre
357 326 510 385 dumtaxat.
543 326 730 401 cyclaminum
746 324 790 384 bis
810 340 900 398 anno,
936 341 1012 383 vere
1031 332 1063 383 et
1082 342 1133 385 au·

116 424 223 474 tumno.
253 419 379 472 aestates
394 410 562 487 hiemesque
587 409 668 486 fugit.
698 408 833 468 Seriores
851 424 940 485 supra
958 407 1050 467 dictis
1079 408 1132 468 ali·

117 505 222 576 quanto
244 496 390 554 narcissus
407 493 537 552 etlilium
555 501 634 552 trans
653 493 759 567 maria,
785 493 814 551 in
828 490 911 551 ltalia
933 490 1077 568 quidem,
1105 502 1133 551 ut

50 599 52 602 ·
82 600 106 633 22
117 580 253 654 diximus,
277 587 344 656 post
359 594 465 637 rosam.
499 593 562 636 nam
580 578 607 634 in
624 575 744 636 Graecia
760 575 869 635 tardius
885 576 1047 634 etiamnum
1064 593 1132 636 ane·

115 679 210 722 mone.
250 670 295 722 est
315 670 409 721 autem
436 660 511 720 haec
535 660 709 720 silvestrium
736 658 887 719 bulborum
919 656 975 717 uos
1007 659 1150 742 aliaquea

74 756 108 809 65
120 764 204 824 quam
222 763 296 824 quae
318 745 429 804 dicetur
455 745 483 802 in
511 744 639 804 medicis.
674 743 811 820 Sequitur
832 742 977 802 oenanthe
1003 760 1043 803 ac
1073 762 1131 803 me·

75 828 255 889 ¹⁸¹lanthium
278 839 307 888 et
325 847 362 887 ex
377 827 560 888 silvestribus
575 825 775 902 helichrysos,
804 825 909 887 deiude
931 825 1064 888 alterum
1080 846 1131 905 ge·

117 932 170 973 nus
197 929 353 972 anemonas
376 928 450 989 quae
477 911 593 971 limonia
618 918 754 985 vocatur,
782 909 950 988 posthanc
978 910 1131 987 gladiolus

118 998 267 1056 comitatus
282 995 455 1070 hyacintho,
477 994 632 1053 novissima
656 1012 740 1067 rosa,
767 993 928 1071 eademque
946 995 1045 1072 prima
1063 994 1131 1056 deli·

117 1082 156 1139 cit
177 1087 301 1155 excepta
327 1079 432 1152 sativa,
460 1095 476 1136 e
502 1078 608 1136 ceteris
634 1077 804 1150 hyacinthus
827 1094 961 1137 maxume
988 1078 1079 1140 durat
1104 1088 1156 1139 etu

117 1161 194 1221 viola
208 1159 273 1219 alba
292 1169 320 1219 et
336 1160 494 1236 oenanthe,
523 1161 575 1220 sed
591 1160 664 1220 haec
679 1162 734 1236 ita,
761 1161 786 1218 si
803 1161 915 1220 divolsa
932 1160 1049 1224 crebro
1065 1180 1131 1242 pro·

118 1243 250 1303 hibcatur
268 1245 296 1302 in
316 1246 442 1319 semine,
471 1245 632 1304 renascitur
653 1244 727 1304 locis
750 1244 865 1322 tepidis.
899 1244 975 1304 odor
1000 1245 1084 1307 idem
1107 1248 1131 1306 ei

76 1335 109 1389 66
122 1329 168 1405 qui
186 1328 411 1405 germinantibus
425 1330 504 1404 uvis,
530 1337 616 1406 atque
634 1328 700 1388 inde
716 1345 829 1387 nornen.
859 1326 1062 1403 Hyacinthum
1085 1348 1130 1391 eo·

118 1412 231 1471 mitetur
245 1411 342 1471 fabula
358 1412 465 1491 duplex
484 1412 589 1470 luctum
605 1411 793 1489 praeferens,
823 1411 886 1470 eius
904 1429 995 1490 quem
1018 1414 1129 1495 Apollo

118 1494 261 1554 dilexerat
281 1505 328 1555 aut
347 1513 383 1554 ex
405 1495 504 1554 Aiacis
528 1511 633 1554 cruore
657 1495 742 1572 editi,
767 1495 806 1554 ita
825 1494 1064 1559 discurrentibus
1081 1516 1154 1558 ven

117 1579 161 1637 uis
182 1587 212 1636 ut
239 1578 413 1639 Graecarum
440 1579 599 1639 litterarum
625 1579 717 1655 ligura
743 1577 784 1638 ΑΙ
808 1578 922 1655 legatur
944 1579 1129 1662 inscriptum.

117 1659 306 1735 Helichrysus
321 1663 421 1722 liorem
438 1661 526 1722 habet
540 1679 611 1722 auro
627 1662 764 1736 similem,
792 1661 892 1722 iulium
909 1671 1021 1742 tenue,
1044 1667 1130 1727 cauli·

118 1744 211 1803 culum
227 1761 343 1823 quoque
366 1746 504 1822 gracilem
529 1745 581 1805 sed
604 1746 712 1805 durum.
746 1745 803 1804 hoc
821 1762 965 1806 coronare
987 1767 1025 1809 se
1043 1749 1129 1828 Magi,

118 1828 142 1884 sl
163 1837 193 1886 et
212 1838 356 1904 unguenta
381 1838 526 1888 sumantur
551 1848 588 1888 ex
606 1846 676 1888 auro
699 1829 776 1908 quod
797 1847 910 1907 apyron
934 1843 1068 1911 vocant,
1098 1833 1130 1894 ad

117 1912 236 1984 gratiam
262 1928 377 1989 quoque
392 1914 468 1972 vitae
494 1912 675 1991 gloriamque
699 1914 845 1991 pertinere
865 1913 1058 1978 arbitrantur.
1095 1916 1153 1978 Eto

117 1995 198 2050 verni
220 1993 333 2069 quidem
350 1994 439 2054 flores
457 1995 485 2055 hi
505 2005 579 2055 suut.

74 2082 108 2136 67
187 2075 270 2156 (39.)
291 2078 455 2138 Succedunt
475 2080 532 2145 illis
547 2082 668 2156 aestivi,
696 2081 808 2157 lychnis
824 2089 853 2140 et
868 2080 948 2141 Iovis
968 2083 1031 2145 llos
1046 2097 1078 2147 et
1093 2086 1128 2147 al·

118 2166 210 2218 terum
226 2178 318 2237 genus
342 2163 400 2238 lili,
431 2165 499 2223 item
514 2165 622 2244 ipbyon
644 2174 672 2225 et
698 2183 847 2225 amaracus
864 2181 951 2243 quem
968 2166 1129 2248 Phrygium

118 2246 328 2320 cognominant.
367 2248 419 2307 sed
436 2265 567 2308 maxume
589 2249 758 2327 spectabilis
779 2250 895 2327 potbos.
932 2249 993 2311 duo
1018 2272 1128 2332 genera

116 2326 214 2387 huius:
244 2348 328 2388 unum
345 2332 391 2390 cui
411 2331 465 2390 llos
485 2331 630 2406 hyacinthi
649 2342 710 2408 est,
740 2333 813 2393 alter
834 2332 975 2394 candidus
997 2339 1152 2417 qutiens

116 2413 243 2471 nascitur
263 2412 393 2489 tumulis,
424 2417 557 2492 quoniam
578 2417 680 2476 lortius
696 2417 788 2477 durat.
820 2426 849 2477 et
866 2418 916 2476 iris
938 2429 1062 2482 aestate
1078 2422 1127 2483 do·

115 2503 169 2553 ret.
204 2493 319 2555 Abeunt
343 2497 420 2556 ethi
442 2509 691 2577 marcescuntque.
731 2501 779 2560 alii
800 2519 899 2560 rursus
921 2501 1054 2566 subeunt
1080 2524 1127 2567 au·

115 2585 227 2636 tumne:
260 2581 373 2639 tertium
389 2598 482 2657 genus
497 2582 555 2659 lili,
588 2593 617 2643 et
642 2601 758 2643 crocum
777 2594 806 2644 et
823 2586 911 2644 orsini
929 2595 1062 2668 utraque
1077 2609 1126 2668 ge·

115 2675 200 2734 nera,
228 2679 311 2721 unum
329 2663 438 2740 hebes,
464 2665 584 2726 alterum
602 2668 768 2744 odoratum,
796 2669 894 2745 primis
911 2673 1012 2733 omnia
1029 2675 1125 2735 imbri·

73 2749 107 2803 68
117 2741 170 2799 bus
196 2744 357 2804 emicantia.
393 2744 543 2808 coronarii
570 2750 683 2826 quidem
710 2761 739 2810 et
767 2753 867 2830 spinae
891 2749 966 2813 llore
997 2766 1150 2831 utuntur,o

115 2825 223 2904 quippe
240 2845 302 2886 cum
314 2830 416 2906 spinae
435 2830 520 2890 albae
536 2833 668 2893 cauliculi
684 2835 758 2894 inter
770 2835 987 2898 oblectamenta
1006 2858 1124 2920 quoque

114 2908 200 2983 gulae
215 2911 392 2970 condiantur.
426 2912 480 2972 Hic
506 2924 551 2974 est
570 2920 754 2979 transmaria
776 2919 847 2978 ordo
869 2917 985 2980 florum.
1023 2925 1054 2984 iu
1071 2925 1123 2986 lta·

114 2991 151 3050 lia
171 2993 256 3052 violis
280 2995 411 3055 succedit
433 3015 517 3074 rosa,
543 2999 609 3059 huic
626 3001 779 3062 intervenit
801 3001 904 3077 lilium,
931 3021 1035 3068 rosam
1057 3028 1123 3086 cya-

113 3091 165 3132 nus
194 3078 317 3155 excipit,
345 3097 466 3153 cyanum
492 3093 661 3144 amarantus.
698 3105 762 3146 nam
786 3087 976 3163 vicapervica
1003 3110 1123 3173 semper

114 3159 188 3217 viret
205 3160 233 3218 in
246 3161 359 3223 modum
375 3163 461 3223 liniae
476 3165 554 3225 loliis
571 3169 756 3244 geniculatim
774 3167 967 3249 circumdata,
997 3180 1147 3257 topiariae

113 3242 221 3320 herba,
248 3246 374 3323 inopiam
401 3256 495 3308 tamen
520 3249 621 3311 florum
650 3253 801 3331 aliquando
828 3253 957 3330 supplet.
1003 3260 1123 3322 haece

115 3324 233 3387 Graecis
252 3329 485 3411 chamaedaphne
500 3344 631 3394 vocatur.

67 3415 89 3468 9
166 3411 253 3494 (40.)
279 3414 346 3477 Vita
362 3415 532 3497 longissima
554 3419 650 3478 violae
670 3419 753 3479 albae
770 3421 891 3480 trimatu.
930 3423 1027 3488 abeo
1048 3439 1119 3489 tem·
