2422 3840
344 212 425 259 nnn.
441 203 855 280 nusu.xx11.ao.(67—71.)
1041 200 1101 263 293

97 365 290 425 collectiones
313 367 404 424 omnis
423 365 547 444 inposita
567 366 650 442 sedat
666 383 856 444 maxumeque
874 365 1058 426 exulceratas
1074 377 1103 426 et

96 451 235 524 rimosas,
259 447 409 518 oculorum
427 458 521 508 autem
542 449 699 526 epiphoras
718 467 781 509 oum
801 450 932 510 meliloto
955 458 1003 510 aut
1021 459 1102 510 uoto-

95 550 162 593 neo.
193 540 294 591 contra
317 533 502 611 suppurantia
524 550 588 592 oum
609 533 728 610 polenta
749 535 903 612 inponitur.
940 534 1081 609 decoctae
1097 543 1145 598 143

97 634 183 676 sucus
200 615 236 676 ad
253 616 313 676 oris
330 616 564 677 exulcerationes
579 625 609 675 et
628 617 794 694 genitalium
809 617 985 694 adhibetur,¹
1000 618 1035 677 ad
1057 636 1102 676 sc·

72 700 162 768 adem
178 714 242 759 curn
259 717 385 769 rosaceo
408 709 456 760 aut
474 709 617 774 cotoneo,
639 702 667 758 in
686 701 720 758 iis
743 718 816 778 quae
836 703 931 759 acrius
946 701 1101 761 remedium

95 785 213 861 exigant
228 801 291 842 cum
306 784 450 862 putamine
466 784 561 862 punici
576 783 664 842 melle
679 783 794 843 modico
808 783 932 843 adiecto.
959 783 1038 844 adid
1053 785 1102 845 de-

95 885 185 942 mum,
202 884 240 925 ne
258 867 397 927 celeriter
412 868 573 942 inarescat,
592 867 718 927 adiciunt
733 877 762 926 et
779 866 865 925 betae
881 866 960 926 lolia.
991 869 1101 945 inponi·
1151 920 1161 936 ,

75 997 77 1001 ,
94 960 140 1010 tur
158 959 188 1010 et
202 952 329 1026 strumis,
345 953 427 1029 panis
442 951 491 1010 vel
501 952 619 1011 maturis
632 950 681 1010 vel
690 949 952 1011 maturescentibus
963 968 1001 1009 ex
1016 960 1101 1010 aceto

95 1034 241 1111 discocta,
264 1035 343 1094 rimis
361 1053 398 1093 ax
412 1052 487 1113 aqua
503 1035 595 1095 mulsa
610 1044 640 1095 et
653 1036 829 1112 gangraenis
847 1051 910 1094 cum
926 1034 1022 1112 punici
1038 1042 1101 1110 teg·

61 1137 86 1179 ro
94 1118 186 1193 mine,
207 1119 275 1177 item
296 1118 436 1196 podagris
453 1136 516 1178 cum
534 1119 653 1197 polenta
673 1127 702 1191 et
717 1118 813 1185 volvis
831 1127 861 1178 et
879 1116 1012 1192 renibus,
1035 1136 1101 1195 per·

94 1200 244 1278 nionibus,
260 1200 407 1262 alteribus
425 1202 544 1262 dillicile
560 1203 725 1263 cicatricem
743 1201 930 1262 trahentibus.
960 1209 1083 1279 propter·
1095 1211 1144 1265 144

94 1284 315 1345 dissolutionem
336 1286 476 1346 stomachi
498 1287 613 1363 trlginta
634 1304 724 1361 grana
745 1285 831 1346 lentis
853 1285 1036 1344 devorantur.
1073 1286 1101 1343 in

95 1368 222 1428 choleris
244 1385 360 1445 quoque
384 1377 413 1428 et
431 1369 590 1444 dysinteria
617 1369 767 1429 ellicacior
788 1376 834 1428 est
854 1370 882 1427 iu
903 1368 994 1427 tribus
1018 1371 1100 1447 aquis

96 1460 195 1525 cocta,
213 1452 241 1509 in
256 1467 312 1529 quo
328 1470 381 1511 osu
394 1452 497 1511 melius
508 1470 626 1530 semper
641 1470 704 1511 earn
719 1461 832 1511 torrere
844 1459 910 1512 ante
924 1459 952 1510 et
967 1451 1100 1527 tundere,

59 1556 84 1598 m
96 1543 127 1593 nt
143 1551 226 1612 quam
243 1536 409 1596 tenuissima
431 1535 514 1595 detur
530 1536 579 1595 vel
601 1554 654 1614 per
675 1555 713 1594 se.
727 1536 775 1595 vel
796 1553 860 1596 cum
881 1544 1006 1594 cotoneo
1024 1536 1100 1596 malo

94 1627 142 1677 aut
157 1619 228 1696 piris
243 1627 291 1677 aut
301 1627 395 1693 myrto
406 1628 453 1678 aut
470 1618 568 1690 intubo
585 1620 710 1679 erratico
723 1628 771 1678 aut
786 1619 853 1679 beta
866 1620 947 1695 nigra
962 1629 1009 1678 aot
1020 1619 1099 1697 plan·

92 1701 201 1778 tagine.
223 1701 350 1779 pulmoni
365 1711 410 1762 est
421 1703 527 1773 inutilis
540 1712 569 1762 et
581 1704 683 1781 capitis
697 1702 792 1762 dolori
804 1704 997 1782 nervosisque
1011 1705 1099 1762 omni·

94 1784 147 1843 hus
169 1793 198 1843 et
220 1784 303 1861 lolli,
331 1804 387 1846 neo
413 1803 514 1846 somno
541 1786 652 1861 facilis,
681 1785 717 1846 ad
739 1787 857 1864 pusulas
879 1785 958 1846 utilis
982 1787 1100 1863 ignique

93 1885 178 1928 sacro
194 1877 223 1928 et
240 1871 366 1929 mammis
381 1870 411 1928 in
428 1887 503 1947 aqua
517 1871 624 1930 marina
640 1869 779 1946 decocta,
798 1871 826 1928 in
839 1879 925 1931 aceto
941 1879 1035 1929 antem
1051 1870 1099 1929 du-

58 1952 174 2015 zoritias
189 1961 218 2012 et
239 1961 362 2014 strumas
384 1953 509 2013 discutit.
540 1953 681 2014 stomachi
703 1953 818 2031 quidem
840 1972 928 2014 causa
944 1953 1081 2031 polentae
1092 1963 1141 2018 145

93 2037 178 2096 modo
193 2037 360 2112 potionibus
377 2038 562 2114 inspergitur.
596 2047 752 2115 quaesunt
771 2037 901 2098 ambusta
925 2055 999 2115 aqua
1015 2040 1099 2097 serni-

94 2125 178 2177 cocta
195 2127 290 2194 curat,
316 2127 419 2196 postea
434 2121 499 2178 trita
515 2129 544 2178 et
558 2135 613 2197 per
633 2119 757 2180 cribrum
773 2122 865 2180 effuso
881 2120 1009 2195 furfure,
1032 2139 1100 2182 mox

93 2200 281 2279 procedende
305 2202 454 2261 curatione
478 2202 575 2262 addito
597 2203 696 2263 melle.
738 2221 776 2261 ex
797 2220 888 2281 posca
910 2205 1042 2280 coquitur
1064 2205 1100 2264 ad

93 2293 217 2361 guttura.
252 2283 306 2344 llst
327 2295 356 2344 et
378 2285 514 2362 palustris
534 2285 598 2346 lens
620 2303 728 2364 perse
749 2304 873 2346 nascens
897 2287 925 2344 in
947 2303 1021 2363 aqua
1042 2304 1100 2346 non

57 2391 83 2432 aa
94 2367 263 2446 prolluenti,
280 2369 516 2446 refrigeratoriae
532 2379 668 2445 naturae,
692 2368 906 2449 propterquod
921 2368 1099 2431 collectioni·

93 2451 146 2512 bus
163 2452 288 2512 inlinitur
308 2461 338 2512 et
357 2470 490 2513 maxume
510 2453 648 2531 podagris
669 2463 698 2513 et
719 2470 773 2530 per
796 2471 828 2512 se
845 2462 952 2513 etcum
969 2453 1097 2530 polenta.

93 2535 213 2611 glutinat
227 2545 257 2594 et
273 2536 628 2614 interanea‘procidentia.

158 2618 242 2697 (71.)
264 2617 318 2678 llst
338 2620 480 2679 silvestris
502 2619 698 2697 elelisphacos
715 2619 791 2678 dicta
814 2636 830 2678 a
850 2617 987 2695 Graecis,
1014 2619 1078 2679 aliis
1091 2629 1140 2683 146

93 2700 221 2777 sphacos
244 2701 337 2778 diota,
361 2704 453 2763 sativa
470 2703 549 2762 lente
571 2703 666 2762 levior
683 2710 712 2761 et
727 2701 798 2762 lolio
813 2703 924 2761 minore
940 2711 1026 2782 atque
1042 2704 1097 2762 sic-

57 2785 173 2844 aociore
200 2794 229 2844 et
249 2786 424 2846 odoratiore.
456 2784 509 2845 llst
531 2795 560 2845 et
581 2787 702 2846 alterum
724 2803 816 2864 genus
838 2786 901 2846 eius
921 2785 1094 2861 silvestrius,

93 2866 185 2927 odore
200 2871 299 2945 gravi,
322 2871 396 2930 haec
418 2870 521 2929 mitior.
558 2869 628 2929 lolia
643 2869 739 2930 habet
762 2872 878 2929 cotonei
898 2870 965 2930 mali
989 2869 1098 2947 effigie,

94 2951 146 3011 sed
167 2954 276 3012 minora
297 2962 327 3012 et
348 2952 484 3028 candida,
505 2971 580 3031 quae
601 2972 664 3012 cnm
685 2953 771 3013 ramis
796 2952 984 3013 decocuntur.
1019 2970 1098 3012 men·

93 3053 142 3094 ses
159 3037 217 3094 ciet
232 3045 261 3095 et
276 3038 389 3112 urinas,
405 3045 434 3095 et
448 3038 614 3115 pastinacae
629 3040 703 3096 ictus
720 3045 811 3097 sanat.
841 3046 989 3115 torporem
1004 3045 1099 3096 autem

93 3119 212 3180 obducit
224 3137 367 3198 percusso
384 3121 462 3181 loco.
491 3119 597 3180 bibitur
609 3139 672 3179 uum
684 3120 827 3181 absinthio
847 3129 876 3179 et
893 3120 1076 3195 dysinteriae.
1091 3132 1140 3185 147

58 3221 159 3264 aucum
189 3204 256 3263 vino
285 3204 386 3264 eadem
414 3205 618 3264 commorantis
650 3222 766 3264 menses
794 3204 895 3282 trahit,
930 3203 1098 3264 abundantis

94 3287 167 3347 sistit
178 3287 304 3348 decocto
320 3289 383 3347 eius
399 3297 480 3366 poto.
510 3306 564 3365 per
578 3305 610 3346 se
624 3288 749 3366 inposita
764 3286 855 3348 herba
868 3287 1019 3348 volnerum
1034 3306 1098 3352 sanf

94 3371 209 3445 guinem
225 3371 352 3432 cohibet.
382 3380 486 3450 purgat
509 3381 538 3430 et
558 3371 734 3450 serpentium
748 3389 862 3432 morsus
879 3380 922 3447 et,
944 3373 968 3431 si
985 3373 1013 3430 in
1031 3374 1098 3433 vino

95 3451 289 3532 decoquatur,
320 3456 446 3533 pruritus
475 3455 589 3515 testium
612 3454 705 3516 sedat.
749 3455 841 3515 nostri
865 3457 919 3532 qni
940 3473 1023 3511 nune.
1039 3467 1114 3509 anxa
