2422 3840
340 199 420 245 1111.
437 197 528 246 aisn.
542 199 614 245 xxi.
631 196 673 248 ao.
694 188 847 264 (so—87.)
1004 257 1006 260 y
1034 184 1095 244 259

94 353 267 433 cipiensibus
278 354 314 426 viu
328 353 395 410 vino
412 352 576 427 decoctum,
591 351 759 412 volneribus
776 371 893 432 qnoque
911 353 953 411 sic
967 351 1094 410 inlinunt.

93 437 236 498 secundas
253 435 402 495 mulierum
421 444 578 513 partusque
596 445 741 496 emortuos
757 437 850 515 pellit,
874 437 939 494 item
957 434 1075 494 dolores
1087 442 1139 498 146

94 522 239 600 corporis.
271 520 387 579 vesicas
402 520 499 595 inanit,
522 519 672 596 epiphoris
691 520 826 579 inlinitur,
850 538 906 579 nec
924 519 1017 596 magis
1041 519 1096 579 alia

93 604 183 665 herba
210 604 345 664 convenit
368 601 577 662 medicamento
596 602 673 679 quod
700 602 953 680 alexipharmacon
978 612 1095 664 vocant.

70 687 241 748 ostomacho
259 697 353 747 tamen
373 685 472 745 inutile
497 702 566 744 esse
582 693 726 763 caputque
746 703 783 744 eo
801 687 905 764 inpleri
921 696 950 746 et
966 686 1097 747 abortum

92 773 154 832 lieri
172 780 241 849 poto
262 770 350 847 aliqui
368 777 483 846 negant.
516 778 545 828 et
566 769 738 846 religionem
756 768 880 844 addunt,
903 769 951 828 ubi
976 772 1139 831 iuven-147

91 865 150 915 tum
165 856 215 929 sit,
240 856 370 931 protinus
386 851 597 929 adalligandum
616 860 716 911 contra
733 853 882 912 oculorum
900 853 1096 923 subfusiones,

94 937 310 1014 cavendumque
327 954 363 995 ne
377 945 483 995 terram
496 937 625 1012 attingat.
657 935 686 994 hi
703 945 731 995 et
744 936 814 996 folia
832 938 894 996 eius
911 938 1007 1010 thymo
1023 937 1098 994 simi·

93 1023 131 1081 lia
146 1020 276 1096 tradunt,
295 1021 349 1078 nisi
366 1019 443 1096 quod
456 1019 589 1079 molliora
606 1027 714 1078 suntet
730 1019 871 1080 lanatiore
888 1021 1000 1080 canitie.
1036 1037 1098 1077 cum

58 1113 156 1166 torota
172 1104 300 1164 silvestri
318 1112 347 1162 et
363 1106 386 1163 si
402 1111 511 1162 teratur
526 1121 563 1162 ex
579 1120 654 1180 aqna
671 1103 808 1180 caelesti,
830 1104 947 1183 aspidas
966 1104 1099 1179 mitigare

94 1189 216 1264 dicitur,
250 1197 280 1246 et
298 1203 354 1246 non
378 1205 464 1246 secus
493 1197 580 1264 atque
606 1187 718 1260 cytinus
751 1189 904 1265 adstringit
928 1198 957 1247 et
982 1186 1100 1246 cohibet

93 1273 214 1332 volnera
229 1271 423 1349 prohibetque
440 1287 571 1346 serpere.

158 1368 242 1448 (85.)
264 1367 466 1442 Holochrysos
482 1367 614 1426 medetur
629 1372 811 1446 stranguriae
825 1371 853 1428 in
868 1370 947 1442 vino,
964 1379 993 1428 et
1010 1375 1144 1429 ocu-148

95 1455 189 1514 lorum
204 1451 354 1529 epiphoris
369 1452 465 1525 inlita,
497 1468 560 1510 oum
587 1451 671 1510 faece
686 1469 758 1511 vero
777 1453 834 1511 viui
857 1461 982 1510 cremata
1004 1460 1033 1509 et
1047 1467 1099 1527 po-

60 1554 86 1596 1s
95 1537 174 1596 lenta
189 1534 319 1594 lichenas
342 1534 485 1594 emendat.
512 1531 728 1608 chrysocomes
742 1535 824 1595 radix
841 1535 977 1595 calefacit
999 1543 1028 1593 et
1050 1533 1099 1593 ad·

96 1619 219 1696 stringit.
267 1617 348 1677 datur
373 1619 453 1696 potui
480 1617 515 1698 ad
541 1619 700 1677 iocinerum
725 1620 809 1693 vitia,
831 1619 898 1677 item
925 1618 1100 1696 pulmonum,

95 1703 200 1762 volvae
217 1700 336 1761 dolores
356 1703 384 1760 in
406 1718 479 1777 aqua
495 1701 584 1760 mulsa
602 1701 734 1761 decocta.
771 1703 829 1760 ciet
848 1711 1009 1775 menstrua,
1031 1708 1060 1759 et
1076 1699 1100 1758 si

97 1786 185 1846 cruda
202 1783 301 1861 detur,
321 1785 546 1862 hydropicorum
563 1801 674 1861 aquam.

158 1900 243 1982 (86.)
266 1899 492 1978 Melissophyllo
522 1903 583 1960 sive
613 1900 776 1960 melittaena
808 1903 832 1960 si
863 1910 1081 1978 perunguantur
1093 1905 1145 1960 149

60 2009 86 2049 no
96 1985 153 2045 alvi
162 2030 170 2060 ,
187 2002 244 2044 non
259 1985 372 2061 fugient
387 2001 475 2062 apes,
490 1983 569 2043 nullo
585 1986 659 2043 enim
674 1985 766 2061 magis
779 1984 855 2044 flore
872 1984 1009 2060 gaudent.
1037 2000 1101 2042 sco·

97 2068 142 2146 pis
171 2069 233 2126 eins
260 2068 392 2125 examina
417 2067 555 2126 facillime
580 2069 769 2126 continentur.
802 2068 877 2128 idem
901 2067 1102 2145 praesentissi-

97 2167 171 2208 mum
188 2158 233 2207 est
251 2158 352 2208 contra
368 2148 443 2207 ictus
466 2166 562 2208 earum
578 2167 789 2228 vesparumque
806 2159 836 2209 et
857 2150 1004 2225 similium,
1029 2151 1103 2208 sicut

98 2248 283 2306 araneorum,
307 2232 375 2312 item
397 2231 599 2308 scorpionum,
623 2234 691 2290 item
716 2242 815 2292 contra
837 2233 988 2291 volvarum
1011 2241 1101 2291 stran-

97 2315 263 2394 gulationes
284 2313 380 2374 addito
395 2315 487 2388 nitro,
521 2323 621 2374 contra
641 2317 761 2375 tormina
783 2335 799 2374 e
822 2315 899 2375 vino.
934 2315 1004 2374 folia
1021 2316 1082 2373 eius
1095 2324 1147 2377 150

61 2416 88 2458 ss
99 2399 213 2464 strumis
235 2397 387 2457 inlinuntur
405 2405 433 2456 et
459 2396 537 2456 sedis
552 2399 628 2457 vitiis
655 2416 718 2458 cnm
746 2399 818 2459 sale.
849 2399 990 2457 decoctae
1016 2414 1103 2456 sucus

97 2484 218 2543 feminas
233 2491 337 2559 purgat
353 2489 383 2540 et
396 2480 632 2541 inflammationes
646 2481 760 2542 discutit
777 2491 806 2541 et
821 2482 920 2540 ulcera
933 2488 1024 2540 sanat.
1059 2498 1103 2539 ar·

98 2564 248 2625 ticularios
271 2563 389 2623 morbos
406 2562 488 2624 sedat
504 2565 641 2642 canisque
657 2583 780 2624 morsus.
814 2565 935 2642 prodest
950 2563 1103 2638 dysinteri-

99 2651 142 2707 cis
160 2647 309 2707 veteribus
325 2655 354 2706 et
377 2646 531 2722 coeliacis,
554 2648 771 2726 orthopnoicis,
794 2646 933 2722 lienibus,
955 2647 1103 2706 ulceribus

99 2730 238 2790 thoracis.
271 2729 412 2807 caligines
431 2730 580 2789 oculorum
606 2748 677 2791 suco
703 2749 766 2790 cum
786 2731 873 2790 melle
899 2731 1017 2808 inungui
1042 2731 1104 2789 exi·
1155 2739 1157 2743 '

64 2838 90 2880 30
97 2815 184 2873 mium
198 2813 328 2875 habetur.

162 2925 246 3004 (87.)
268 2925 417 2986 illelilotos
439 2943 555 3003 quoqne
583 2926 676 2985 oculis
696 2924 826 2983 medetur
851 2942 914 2983 cum
934 2924 1013 2982 luteo
1036 2921 1082 2980 ovi
1096 2931 1145 2984 151

100 3009 217 3069 autfini
239 3010 358 3070 semine.
388 3009 568 3068 maxillarum
582 3025 699 3087 quoque
714 3007 833 3067 dolores
851 3007 921 3066 lenit
947 3015 976 3064 et
1002 3004 1104 3083 capitis

101 3110 164 3152 cum
180 3109 322 3167 rosaceo,
343 3093 411 3151 item
433 3093 541 3151 aurium
563 3110 578 3150 e
601 3108 689 3170 passo
716 3108 850 3169 quaeque
868 3091 896 3148 in
918 3087 1047 3149 manibus
1064 3088 1102 3145 iu·

101 3184 262 3238 tumescunt
284 3174 332 3234 vel
357 3185 523 3252 erumpunt,
546 3175 686 3235 stomachi
706 3175 824 3234 dolores
842 3176 870 3233 in
890 3175 957 3232 vino
980 3173 1104 3234 decocta

66 3276 92 3316 as
100 3259 148 3319 vel
160 3260 248 3322 cruda
261 3259 394 3335 tritaque.
410 3258 485 3318 idem
499 3259 622 3318 effectus
634 3267 663 3317 et
675 3259 711 3319 ad
720 3259 834 3336 volvas,
842 3257 887 3318 ud
898 3259 981 3316 testis
989 3271 1061 3314 vero
1075 3261 1104 3312 et

103 3343 201 3402 sedem
222 3342 389 3422 prociduam
413 3359 545 3420 quaeque
566 3350 595 3400 et
616 3342 671 3402 alia
691 3340 730 3400 ibi
751 3344 808 3400 siut
831 3342 899 3400 vitia
919 3348 1039 3400 recente
1067 3355 1104 3397 ex

103 3442 177 3503 aqua
193 3426 317 3488 decocta
331 3427 380 3484 vel
402 3444 440 3485 ex
454 3442 552 3504 passo.
580 3426 695 3486 adiecto
710 3442 835 3488 rosaceo
853 3425 977 3562 iulipptpr
992 3424 1031 3482 ad
1042 3439 1107 3480 car-
