2422 3840
305 206 387 252 mar.
402 203 495 253 msa.
511 205 570 253 xx.
587 203 707 258 navat.
726 193 881 272 (so—96.)
1035 195 1097 256 229

94 359 240 419 cervicum
255 357 390 433 duritias,
414 356 529 417 cerebri
546 358 726 418 membranas
746 361 858 437 mitigat
874 360 965 419 iariua
981 361 1097 420 seminis

91 443 167 502 nitro
183 450 231 501 aut
246 441 307 501 sale
327 449 375 501 aut
393 442 491 501 cinere
511 441 624 501 additis.
660 443 762 503 eadem
779 462 843 503 curn
858 443 914 503 lico
937 443 1099 521 parotidem

93 526 248 603 concoquit
264 542 300 584 ac
320 534 458 601 maturat,
484 543 547 584 cum
568 526 666 586 radice
683 544 754 586 vero
772 527 934 586 cucumeris
954 527 1098 587 silvestris

93 608 217 670 extrahit
240 627 440 686 quaecumque
460 611 578 688 corpori
594 610 780 685 inhaereant,
807 611 850 669 sic
867 619 896 668 et
911 610 1002 670 irecta
1018 628 1096 670 ossa.

67 713 81 753 s
93 710 215 773 serpere
232 693 315 753 ulcus
330 693 358 750 in
371 694 440 752 vino
459 691 580 753 decocta
594 692 746 772 prohibet,
774 688 942 772 eruptiones
956 695 1076 769 pituitae
1088 705 1139 758 251

93 796 157 838 cum
167 777 266 837 melle.
296 775 429 836 emendat
446 777 549 853 unguis
565 777 687 836 scabros
704 795 768 836 cum
785 776 949 855 parimodo
965 780 1096 852 nasturti,

91 862 206 922 testium
219 860 288 920 vitia
308 869 338 919 et
357 861 490 919 ramices·
503 879 566 920 cum
587 861 684 921 resina
705 869 735 919 et
748 877 844 920 murra
866 868 894 919 et
916 877 1098 936 gangraenas

92 964 130 1006 ex
144 962 234 1022 aqua,
257 943 398 1004 stomachi
414 943 533 1004 dolores
549 961 613 1003 cum
628 945 695 1004 leno
713 943 828 1004 Graeco
844 944 979 1003 sextariis
995 945 1098 1002 utrius-

92 1047 149 1108 que
170 1028 301 1088 decoctis
322 1029 351 1086 in
373 1044 447 1108 aqua
471 1028 579 1104 mulsa,
608 1029 824 1104 intestinorum,
852 1027 980 1087 thoracis
1003 1028 1098 1105 perni-

56 1115 172 1174 melosa
188 1113 255 1172 vitia
269 1112 397 1187 clystere
414 1112 442 1171 in
459 1113 527 1172 oleo
544 1121 592 1172 aut
607 1113 704 1173 melle.

155 1196 239 1275 (93.)
266 1194 369 1255 Blitum
387 1197 464 1255 iners
479 1197 594 1257 videtur
609 1213 643 1256 ec
658 1197 720 1255 sine
737 1211 843 1274 sapore
860 1202 908 1253 aut
922 1194 1078 1254 acrimonia
1089 1205 1141 1256 252

90 1281 166 1356 ulla,
193 1278 268 1338 unde
284 1279 446 1338 convicium
457 1279 570 1339 leminis
582 1279 658 1357 apud
669 1278 854 1338 Menandrum
870 1277 978 1337 laniunt
994 1278 1097 1337 mariti.

10 1375 15 1383 ·
92 1363 242 1424 stomacho
260 1361 360 1421 inutile
375 1370 430 1421 est.
459 1371 590 1421 ventrem
606 1361 681 1422 adeo
694 1361 789 1422 turbat
803 1371 833 1420 ut
848 1360 995 1419 choleram
1011 1361 1100 1421 faciat

92 1447 205 1524 aliquis.
249 1444 353 1504 dicitur
377 1454 472 1504 tamen
500 1446 640 1506 adversus
667 1446 842 1524 scorpiones
867 1452 966 1520 potum
993 1462 1010 1502 e
1032 1445 1099 1503 vino

56 1551 83 1591 rs
93 1529 254 1608 prodesse,
285 1527 376 1588 clavis
396 1528 501 1607 pedum
523 1528 618 1604 inlini,
646 1529 714 1588 item
738 1527 863 1588 lienibus
885 1536 915 1585 et
939 1537 1100 1604 temporum

93 1613 188 1673 dolori
204 1630 242 1672 ex
259 1613 337 1671 oleo.
371 1611 567 1690 Hippocrates
584 1621 730 1672 menstrua
751 1612 814 1671 sisti
832 1629 868 1670 eo
885 1610 950 1670 cibo
968 1618 1056 1689 putat.

154 1694 204 1755 23.
229 1695 313 1772 (94.)
336 1693 432 1754 lleum
452 1697 480 1755 in
499 1695 581 1756 ltalia
601 1697 729 1754 nonnisi
750 1713 766 1754 a
788 1694 909 1754 medicis
926 1696 1031 1753 seritur
1050 1703 1080 1752 et
1090 1704 1143 1758 253

92 1782 136 1841 his
161 1778 312 1839 admodum
333 1780 442 1857 paucis.
480 1779 537 1839 duo
558 1797 669 1856 genera
694 1781 772 1838 eius:
799 1777 925 1837 nobilius
947 1777 1099 1837 Athaman·

93 1865 180 1924 ticum
196 1871 312 1939 vocant,
328 1863 370 1923 illi
385 1872 526 1941 tamquam
541 1862 577 1923 ab
594 1862 766 1924 Athamante
779 1863 941 1937 inventum,
967 1861 996 1920 hi
1011 1879 1100 1939 quon·

56 1971 83 2011 ao
94 1950 148 2008 iam
163 1947 388 2007 laudatissimum
411 1949 439 2006 in
457 1946 627 2008 Athamante
649 1948 827 2025 reperiatur,
854 1945 933 2004 loliis
953 1954 1039 2005 aneto
1063 1946 1100 2003 si·

91 2033 160 2091 mile
183 2038 213 2090 et
234 2031 318 2090 caule
347 2031 499 2108 aliquando
522 2031 664 2110 bipedali,
687 2029 834 2092 radicibus
857 2029 952 2089 multis
976 2029 1101 2106 obliquis

93 2115 194 2190 nigris,
212 2113 381 2189 quibusdam
396 2113 469 2191 altis,
485 2116 577 2173 minus
592 2114 685 2173 nulum
701 2132 785 2193 quam
802 2113 873 2173 illud
890 2113 1021 2172 alterum.
1044 2114 1100 2171 uri-

93 2214 157 2256 nam
176 2197 234 2254 ciet
250 2197 279 2254 in
294 2212 368 2272 aqua
381 2204 479 2273 potum
499 2196 597 2257 radice
616 2197 683 2256 trita
697 2197 748 2256 vel
771 2197 904 2254 decocta.
939 2195 1101 2255 inflationes

95 2279 234 2339 stomachi
250 2279 322 2337 mire
340 2278 470 2357 discutit,
495 2281 563 2338 item
577 2281 698 2339 tormina
715 2288 743 2338 et
758 2280 876 2338 vesicae
891 2278 978 2351 vitia,
1002 2277 1100 2338 volva·
1188 2352 1191 2359 ι

58 2386 84 2426 as
94 2380 215 2443 rumque
232 2362 360 2423 articulis
377 2381 440 2422 curn
453 2364 558 2440 melle,
582 2362 737 2424 infantibus
754 2381 816 2424 cum
832 2362 898 2439 apio
920 2360 1029 2420 inlitum
1044 2362 1101 2419 imo

94 2448 188 2508 ventri
203 2447 298 2506 urinas
312 2455 420 2507 movet.

159 2531 242 2609 (95.)
266 2529 432 2590 Feniculum
448 2529 640 2589 nobilitavere
653 2537 807 2608 serpentes
822 2536 949 2606 gustatu,
965 2535 997 2587 ut
1010 2527 1081 2587 dixi·
1093 2539 1144 2591 254

94 2633 171 2689 mus,
196 2622 344 2672 senectam
361 2614 494 2673 exuendo
510 2613 719 2693 oculorumque
737 2613 829 2672 aciem
845 2629 918 2671 suco
937 2613 1000 2670 eius
1016 2611 1081 2670 reli·
1094 2611 1144 2653 ⁸³⁸

10 2696 29 2752 Ι
96 2696 217 2772 ciendo,
242 2696 318 2755 unde
334 2697 513 2757 intellectum
534 2698 677 2758 hominum
701 2713 818 2774 quoque
841 2696 993 2773 caliginem
1018 2714 1101 2772 prae·
1144 2732 1147 2740 ·

60 2781 181 2858 aocipue
199 2796 235 2838 co
256 2781 358 2840 levari.
390 2782 538 2859 colligitur
560 2783 607 2842 hic
630 2781 712 2843 caule
733 2789 920 2857 turgescente
938 2789 967 2838 et
989 2781 1017 2837 in
1037 2779 1102 2838 sole

95 2865 222 2924 siccatur
234 2864 456 2942 inunguiturque
471 2884 508 2925 ex
519 2867 653 2926 melle-
662 2865 769 2943 ubique
785 2864 842 2923 hoc
854 2873 900 2924 est
906 2895 956 2939 ψ,
965 2861 1101 2921 laudatis·

95 2949 183 3009 simus
205 2947 233 3005 in
254 2947 349 3008 Iberia
365 2949 490 3009 lacrimis
512 2949 542 3010 lit
561 2960 590 3009 et
611 2950 753 3010 esemine
771 2949 893 3007 receuti.
927 2946 957 3005 lit
979 2954 1008 3005 et
1024 2963 1041 3004 e
1057 2963 1101 3004 ra·

95 3032 207 3093 dicibus
224 3032 314 3108 prima
329 3033 537 3108 germinatione
549 3034 660 3093 incisis.

158 3115 242 3195 (96.)
269 3114 322 3174 Est
343 3117 372 3174 in
393 3115 451 3175 hoe
470 3134 582 3194 genere
609 3125 638 3174 et
664 3115 801 3175 silvestre
830 3113 909 3190 quod
932 3113 1080 3190 hippoma·
1094 3122 1145 3174 255

61 3199 222 3275 asrathum,
267 3199 315 3258 alii
342 3201 515 3274 myrsineum
544 3210 667 3275 vocant,
699 3199 777 3259 loliis
806 3196 980 3272 maioribus,
1017 3204 1102 3271 gustu

97 3285 226 3357 acriore,
268 3284 440 3362 procerius,
474 3284 570 3344 baculi
597 3283 804 3356 crassitudine,
841 3280 940 3340 radice
970 3276 1101 3337 candida.

96 3367 223 3427 nascitur
238 3367 267 3426 in
284 3368 384 3429 calidis
400 3368 453 3428 sed
468 3369 592 3427 saxosis.
617 3367 738 3427 Diocles
754 3375 784 3426 et
799 3363 876 3424 aliud
891 3360 1104 3440 hippomarathi

96 3467 190 3527 genus
212 3450 343 3528 tradidit,
371 3451 460 3529 longo
488 3461 517 3511 et
544 3460 666 3530 angusto
687 3451 778 3526 lolio,
813 3448 925 3506 semine
947 3443 1114 3503 corianhxi.
