2422 3840
159 179 221 240 146
503 190 533 238 o.
549 191 645 239 eurus
662 190 813 238 uacuum

160 364 239 420 scus,
256 341 370 419 Conon,
386 342 497 420 Criton,
513 344 709 420 Democritus,
726 341 864 404 Eudoxus
879 356 943 403 1111.
954 342 1093 403 kalendas
1112 359 1160 400 ca-

162 429 270 509 pellam
291 429 427 486 matutino
446 429 555 487 exoriri
573 437 602 487 et
621 441 671 487 111.
688 426 828 487 kalendas
849 426 970 486 haedos.
1003 439 1049 484 VI.
1068 441 1162 483 nonas

161 511 297 572 Octobris
311 510 425 571 Atticae
442 527 551 571 corona
568 512 697 570 exoritur
712 528 812 585 mane,
837 509 927 570 Asiae
945 519 974 569 et
991 506 1110 568 Caesari
1126 521 1160 566 v.

161 613 251 655 nouas
266 594 426 655 heniochus
443 595 550 655 occidit
565 595 712 653 matutino.
730 607 793 658 1111,
807 603 898 654 nonas
915 591 1035 653 Caesari
1051 608 1165 651 corona

116 691 170 746 313
179 679 285 739 exoriri
300 679 410 757 incipit,
425 687 453 738 et
467 679 608 756 postridie
621 677 756 738 occidunt
766 677 853 737 haedi
864 678 992 755 vesperi.
1006 689 1080 736 v111.
1097 675 1190 734 iduss

161 762 297 822 Octobris
311 761 430 822 Caesari
442 761 558 839 fulgens
573 761 603 819 iu
617 778 725 821 corona
741 759 826 820 stella
839 763 979 835 exoritur,
993 769 1022 818 et
1036 772 1083 818 vt.
1097 757 1165 816 idus

160 846 302 923 vergiliae
327 846 460 923 vesperi,
485 846 578 906 idibus
604 861 713 904 corona
735 853 805 904 tota.
841 857 926 904 xvtt.
946 843 1085 902 kalendas
1101 839 1165 900 No-

160 930 288 990 vembris
303 929 421 988 suculae
436 930 556 1007 vesperi
572 931 748 987 exoriuntur.
777 927 870 1006 pridie
885 927 1025 986 kalendas
1041 923 1166 984 Caesari

162 1021 293 1073 arcturus
309 1011 417 1072 occidit
431 1020 460 1070 et
480 1010 600 1071 suculae
617 1012 786 1071 exoriuntur
801 1029 865 1069 cum
886 1011 960 1070 sole.
991 1017 1094 1087 quarto
1110 1026 1166 1067 no·

160 1114 211 1155 nas
229 1103 360 1154 arcturus
380 1094 486 1154 occidit
501 1096 633 1172 vesperi.
661 1095 760 1172 quinto
776 1094 840 1154 idus
857 1092 1031 1153 Nouembris
1047 1091 1167 1170 gladius
1178 1108 1202 1149 ro

117 1189 171 1243 314
178 1177 293 1236 Orionis
308 1178 445 1238 occidere
461 1178 569 1257 incipit.
583 1178 656 1238 -deiu
667 1191 717 1237 111.
730 1178 793 1238 idus
804 1178 946 1254 vergiliae
962 1177 1107 1236 occidunt.
1133 1175 1169 1235 ln

160 1262 205 1322 his
219 1270 380 1340 temporum
398 1260 558 1322 intervallis
574 1279 666 1340 opera
686 1263 809 1321 rustica:
839 1278 921 1340 rapa,
942 1278 1034 1338 uapos
1059 1277 1168 1319 serere

124 1344 267 1423 inquibus
292 1345 413 1405 diximus
430 1344 542 1405 diebus.
575 1345 681 1422 volgus
703 1353 822 1422 agreste
841 1363 913 1423 rapa
933 1353 1002 1422 post
1029 1345 1168 1403 ciconiae

162 1429 322 1488 discessum
337 1429 413 1489 male
434 1430 494 1489 seri
508 1437 606 1508 putat,
632 1446 686 1488 nos
702 1430 816 1488 omniuo
831 1437 899 1508 post
915 1428 1104 1502 Volcanalia‚
1139 1438 1170 1487 et

162 1513 318 1592 praecocia
333 1531 397 1572 cum
412 1512 533 1592 panico,
550 1530 567 1574 a
583 1513 717 1573 lidioulae
733 1522 828 1572 autem
845 1529 953 1572 occasu
967 1513 1071 1570 viciam
1091 1511 1168 1589 pha·
1180 1534 1204 1572 rs

162 1597 271 1673 siolos,
301 1595 446 1675 pabulum.
479 1597 537 1657 hoc
558 1597 662 1657 silente
684 1597 751 1656 luna
769 1597 829 1656 seri
848 1596 957 1656 iubent.
993 1595 1030 1654 Et
1051 1595 1172 1655 frondis

161 1680 381 1759 praeparandae
398 1691 512 1759 tempus
528 1680 586 1739 hoc
602 1689 657 1739 est.
688 1698 760 1739 uuus
771 1679 923 1740 frondator
934 1688 1070 1757 quattuor
1084 1677 1170 1740 fron-

161 1764 378 1823 dariashscinas
387 1764 529 1842 conplere
541 1765 570 1822 iu
582 1764 740 1823 dieiustuur
749 1762 847 1824 habet.
861 1765 886 1822 si
894 1764 1087 1823 decrescente
1097 1762 1172 1823 luna

116 1856 444 1926 315praeparetur‚uon
459 1848 610 1926 putrescit.
634 1846 742 1906 aridam
758 1846 858 1922 colligi
873 1863 931 1904 non
947 1855 1074 1924 oportet.
1092 1846 1171 1906 Vin-

162 1931 284 1989 derniam
291 1929 398 2008 antiqui
408 1947 559 2008 numquam
572 1930 778 1990 existimavere
791 1938 928 1989 maturam
941 1941 1007 1990 aute
1020 1932 1169 2008 aequiuo·
1180 1942 1204 1983 ²⁰

162 2013 258 2087 otium,
274 2014 329 2071 iam
344 2014 452 2089 passim
468 2013 531 2090 rapi
546 2030 645 2075 cerno.
676 2012 863 2092 quamobrem
878 2023 908 2074 et
926 2013 1010 2073 huius
1030 2023 1172 2092 tempora

161 2097 237 2154 notis
259 2097 491 2174 argumentisque
511 2097 670 2173 signentur.
700 2097 785 2175 leges
801 2098 839 2158 ita
860 2116 893 2157 se
909 2096 1032 2157 habeut:
1063 2117 1172 2159 uvam

163 2179 319 2238 calidam
337 2197 377 2238 ne
394 2179 530 2257 legito,
560 2180 617 2240 hoc
633 2189 679 2240 est
700 2181 729 2240 iu
755 2183 865 2242 aestiva
893 2182 1025 2241 siccitate
1051 2199 1088 2242 ac
1114 2184 1173 2242 nisi

161 2262 255 2323 imber
273 2264 472 2323 intervenerit.
501 2282 603 2324 uvam
626 2264 857 2324 rorulentam
879 2283 920 2324 ue
941 2265 1083 2342 legito,
1111 2266 1172 2327 hoc

164 2356 209 2407 est
224 2348 247 2406 si
262 2365 311 2407 ros
328 2357 484 2407 nocturnus
497 2347 599 2423 luerit,
625 2365 681 2407 nec
701 2349 780 2427 prius
797 2365 881 2425 quam
900 2349 965 2407 sole
982 2350 1169 2412 discutiatur.
1180 2370 1204 2412 at

119 2432 408 2495 aravindemtare
425 2431 603 2508 incipito,
621 2449 695 2489 cum
709 2431 750 2491 ad
764 2431 953 2510 palmitem
971 2436 1171 2511 pampinus

163 2513 410 2591 procumbere
430 2516 603 2593 coeperit
624 2523 682 2573 aut
702 2532 777 2574 curu
799 2524 965 2592 exempto
989 2517 1102 2576 acino
1128 2537 1172 2578 ex

164 2596 347 2655 densitate
378 2597 618 2658 intervallum
640 2616 708 2658 uon
731 2599 903 2675 conpleri
927 2598 1171 2676 adparuerit‚

163 2697 204 2738 ao
225 2681 290 2738 iam
306 2697 378 2738 non
400 2681 530 2758 augeri
550 2683 688 2741 acinos.
717 2682 877 2761 plurumum
891 2681 995 2756 refert,
1011 2685 1038 2742 si
1054 2687 1170 2745 coutin-

118 2770 170 2824 317
177 2771 227 2838 gat
244 2771 396 2822 crescente
414 2764 480 2822 luna
495 2764 681 2823 vindemiare.
712 2765 851 2824 Pressura
865 2783 921 2824 una
934 2765 1048 2826 culleos
1061 2781 1117 2828 xx
1129 2770 1170 2829 in·
1179 2792 1202 2834 uo

164 2846 247 2924 plere
263 2845 361 2905 debet.
391 2845 438 2905 hic
455 2854 500 2904 est
514 2863 566 2923 pes
584 2848 686 2908 iustus.
711 2849 747 2908 ad
762 2849 881 2908 totidem
901 2848 1015 2908 culleos
1038 2860 1068 2910 et
1083 2851 1170 2913 lacus

164 2943 212 2988 xx
226 2929 373 3006 iugeribus
397 2947 482 2987 unum
499 2929 605 2988 suflicit
626 2932 777 2991 torculum.
811 2940 944 3009 premunt
962 2932 1051 3010 aliqui
1067 2937 1171 3015 singu·

163 3011 210 3086 lis,
231 3013 336 3072 utilius
348 3012 438 3087 biuis,
460 3013 529 3071 licet
545 3030 648 3089 magna
663 3017 699 3074 sit
713 3014 832 3074 vastitas
856 3015 986 3092 singulis.
1012 3017 1172 3095 longitudo

163 3093 248 3153 inhis
264 3095 372 3171 reiert,
402 3096 645 3160 uoucrassitudo.
676 3101 804 3176 spatiosa
819 3100 921 3158 melius
938 3111 1084 3178 premunt.
1123 3122 1172 3166 au·

163 3179 233 3255 tiqui
246 3177 360 3237 lunibus
374 3179 510 3257 vittisque
529 3179 618 3238 loreis
639 3197 674 3239 ea
690 3181 880 3242 detrahebant
895 3191 925 3242 et
945 3184 1096 3246 vectibus.
1130 3190 1202 3252 iuss

162 3271 206 3322 tra
224 3274 243 3322 c
262 3278 351 3322 annos
371 3262 485 3322 inventa
504 3261 696 3340 Graecanica,
713 3266 779 3324 mali
794 3267 872 3342 rugis
891 3285 946 3345 per
963 3269 1089 3330 cocleas
1106 3271 1172 3332 bul·

162 3346 304 3424 lantibus,
326 3346 400 3425 palis
416 3346 510 3407 adfixa
525 3347 621 3407 arbori
636 3349 738 3424 stella,
760 3349 864 3426 apalis
880 3368 964 3410 arcas
979 3352 1113 3430 lapidum
1129 3365 1171 3417 at·

148 3430 280 3492 tollente
297 3449 400 3492 secum
415 3430 536 3511 arbore,
552 3433 630 3512 quod
645 3450 775 3492 maxume
791 3431 940 3511 probatur.
971 3436 1046 3498 iutra
1063 3441 1173 3520 viginti
