2422 3840
116 183 175 248 184
462 187 770 238 onumrsucunnr

113 367 243 410 maxume
259 345 396 421 nascitur,
414 360 520 404 erucae
539 343 643 419 simile,
662 342 778 403 cubitali
789 342 949 418 altitudine,
963 341 1039 402 dore
1054 342 1123 403 rulo

115 443 144 494 et
162 433 293 511 protinus
314 427 454 502 deciduo,
476 426 551 486 unde
571 435 600 486 et
620 443 759 487 nomena
779 425 900 487 (lraeois
915 426 1044 504 accepit.
1076 424 1123 486 De

71 537 142 581 scum
154 516 274 594 reliquis
295 511 453 590 generibus
474 512 629 589 papaveris
644 519 749 588 sponte
771 511 918 571 nascentis
938 510 1074 570 dicemus
1095 511 1123 570 iu

113 599 272 659 medicinae
287 597 365 657 loco.
396 595 487 654 inisse
503 603 598 654 antem
615 594 770 655 inhonore
785 592 861 672 apud
876 592 1026 653 Romanos
1045 611 1124 653 sem-

113 702 167 762 per
188 683 293 743 indicio
312 689 357 740 est
374 678 544 757 Tarquinius
561 677 726 756 Superbus,
743 679 792 756 qui
810 678 914 755 legatis
935 694 953 737 a
974 675 1038 737 ulio
1055 678 1144 739 mis-a

113 769 154 826 sis
169 765 341 827 decutiendo
361 780 510 842 papavera
525 763 553 820 in
569 761 654 822 horto
669 762 808 822 altissima
821 761 1036 838 sanguinarium
1049 759 1125 822 illud

114 868 287 929 responsum
303 850 357 909 han
372 847 441 906 tacti
455 846 577 923 ambage
594 846 727 907 reddidit.

71 943 122 999 lto
187 934 270 1012 (54.)
294 933 405 992 Rursus
421 930 478 988 alio
498 930 632 990 comitatu
645 929 830 1008 aequinoctio
847 929 971 989 autumni
985 937 1126 989 seruntur

114 1018 306 1090 coriandrum,
326 1023 450 1087 anetum,
467 1013 602 1090 atriplex,
616 1014 722 1089 malva,
738 1011 900 1090 lapathum,
917 1011 1125 1088 eaerefolium,

115 1100 192 1179 quod
206 1099 365 1178 paederota
376 1095 481 1156 Graeci
495 1104 610 1171 vocant,
627 1106 657 1156 et
668 1097 839 1157 acerrimum
855 1112 963 1173 sapore
981 1097 1125 1174 igneique
1134 1116 1153 1159 rt

114 1184 236 1244 effectus
252 1200 286 1242 ao
302 1180 521 1240 saluberrimum
538 1181 655 1258 corpori
667 1181 772 1258 sinapi,
788 1179 867 1240 nulla
880 1179 1003 1258 cultura,
1019 1180 1127 1241 melius

112 1278 208 1328 tamen
225 1266 322 1344 planta
339 1261 453 1325 tralata.
483 1264 552 1343 quin
566 1282 583 1324 e
600 1265 717 1325 diverso
733 1266 782 1323 vix
793 1272 839 1324 est
851 1270 915 1323 sato
927 1263 1023 1324 semel
1039 1280 1078 1324 eo
1093 1264 1126 1325 li·

73 1360 122 1416 171
130 1352 235 1413 berane
250 1350 362 1424 locum,
387 1348 520 1424 quoniam
536 1365 638 1407 semen
655 1348 761 1409 cadens
780 1348 911 1423 protinus
931 1347 1018 1407 viret.
1047 1347 1127 1408 Usus

115 1438 177 1496 eius
203 1434 289 1493 etiam
317 1450 371 1511 pro
399 1432 589 1510 pulmentario
618 1433 646 1492 in
674 1429 790 1509 patellis
812 1431 954 1505 decocto,
989 1433 1065 1492 citra
1085 1433 1126 1491 in-

114 1519 262 1579 tellectum
283 1517 468 1578 acrimoniae.
508 1524 649 1577 cocuntur
669 1523 698 1575 et
720 1515 806 1590 lolia,
839 1516 913 1573 sieut
938 1515 1127 1593 reliquorum
1135 1541 1158 1582 ta

115 1602 235 1663 olerum.
273 1609 338 1660 sunt
361 1608 455 1661 autem
474 1600 558 1658 trium
572 1617 728 1677 generum:
747 1615 833 1658 unum
850 1595 979 1674 gracile,
999 1599 1128 1659 alterum

115 1685 207 1745 simile
227 1686 289 1763 rapi
311 1684 406 1758 loliis,
433 1683 550 1742 tertium
577 1701 694 1743 erucae.
727 1699 828 1742 semen
851 1688 1000 1759 optumum
1022 1682 1127 1761 Aegy·

114 1770 212 1847 ptium.
255 1760 451 1826 Athenienses
485 1783 561 1844 napy
589 1765 827 1845 appellaverunt,
855 1764 904 1824 alii
929 1765 1044 1844 thapsi‚
1077 1767 1129 1828 alii

116 1868 241 1912 saurron.

72 1937 133 1998 lit
187 1934 270 2011 (55.)
284 1931 422 2009 Serpyllo
435 1941 463 1991 et
476 1930 629 2007 sisymbrio
647 1941 760 1992 montes
774 1933 907 2012 plerique
919 1940 1052 2008 scatent,
1070 1934 1161 2000 sic-aa

114 2025 144 2075 ut
163 2015 287 2075 Thracii.
319 2019 419 2092 utique
440 2014 575 2075 deferunt
595 2034 633 2076 ex
646 2017 690 2076 his
709 2016 827 2077 avolsos
840 2033 937 2077 ramos
951 2026 1129 2094 seruntque,

114 2101 182 2159 item
200 2098 327 2173 Sicyone
343 2116 380 2158 ex
395 2100 454 2158 suis
469 2100 613 2161 montibus
625 2109 655 2160 et
670 2100 791 2161 Athenis
807 2119 845 2160 ex
858 2099 1005 2175 Hymetto.
1039 2101 1131 2162 simili

113 2183 199 2243 modo
217 2192 246 2243 et
262 2181 444 2257 sisymbrium
456 2192 566 2244 serunt.
588 2184 774 2244 laetissimum
788 2184 916 2244 nascitur
928 2184 956 2243 in
968 2193 1130 2263 puteorum

114 2267 272 2347 parietibus
287 2275 316 2326 et
333 2268 410 2328 circa
429 2269 557 2346 piscinas
572 2286 607 2329 ac
623 2279 735 2346 stagna.

72 2358 123 2415 173
192 2352 222 2413 9.
247 2351 331 2430 (56.)
351 2351 475 2430 Reliqua
493 2361 559 2411 sunt
574 2352 717 2412 ferulacei
735 2352 870 2447 generis,
895 2368 950 2410 ceu
963 2349 1164 2412 feniculumu

82 2455 100 2496 s,
111 2455 135 2488 ta
158 2437 309 2513 anguibus,
326 2445 357 2495 ut
371 2436 503 2512 diximus,
518 2435 723 2513 gratissimum,
741 2435 777 2495 ad
799 2434 961 2495 condienda
977 2433 1130 2514 pluruma,

71 2535 141 2578 aaut
156 2536 219 2578 cnm
233 2520 346 2578 inaruit.
370 2520 455 2597 eique
468 2537 607 2598 perquam
620 2519 720 2578 similis
736 2519 866 2597 thapsia,
879 2516 915 2578 de
928 2535 985 2596 qua
999 2517 1136 2580 diximus

113 2599 189 2659 inter
205 2611 343 2661 externos
360 2602 490 2664 frutices.
508 2602 613 2664 deinde
627 2603 780 2663 utilissima
795 2602 911 2663 funibus
924 2601 1065 2662 cannabis
1079 2622 1130 2664 se·

112 2681 184 2742 ritur
200 2701 216 2742 a
232 2683 360 2745 favonio.
390 2704 448 2764 quo
467 2687 585 2747 densior
597 2697 642 2745 est
654 2703 690 2745 eo
704 2687 826 2747 tenuior.
854 2703 954 2745 semen
965 2686 1042 2761 eius,
1061 2705 1131 2748 cum

114 2775 159 2826 est
173 2775 329 2844 maturum,
345 2768 380 2828 ab
399 2771 584 2848 aequinoctio
600 2772 724 2830 autumni
739 2770 916 2848 distringitur
936 2776 967 2829 et
991 2768 1061 2829 sole
1078 2780 1162 2832 antu

72 2857 220 2912 lllveuto
234 2860 283 2910 aut
298 2851 376 2913 fumo
393 2854 527 2914 siccatur.
558 2855 622 2934 ipsa
638 2853 773 2914 cannabis
791 2854 909 2914 vellitur
932 2861 1000 2932 post
1022 2853 1130 2916 vinde·

113 2936 196 2995 miam
213 2954 247 2996 ae
265 2936 519 2998 lucubrationibus>
534 2938 711 2999 decorticata
735 2946 882 3016 purgatur.
915 2945 1032 3015 optuma
1054 2938 1129 3000 Ala-

112 3018 244 3094 bandica,
262 3020 411 3099 plagarum
431 3022 589 3099 praecipue
605 3021 714 3081 usibus.
741 3024 794 3082 tria
805 3023 866 3082 eius
880 3021 920 3081 ihi
929 3038 1053 3099 genera.
1083 3024 1130 3082 in·

113 3101 251 3180 probatur
266 3105 369 3174 cortici
387 3121 556 3183 proxumum
571 3115 620 3166 aut
635 3105 797 3183 medullae,
822 3106 1018 3166 laudatissima
1043 3116 1092 3167 est
1110 3126 1130 3168 e

112 3185 207 3244 medio
225 3204 299 3263 quae
317 3206 396 3248 mesa
410 3196 542 3265 vocatur,
560 3189 687 3250 secunda
700 3188 840 3265 llylasea.
870 3189 948 3268 quod
962 3189 999 3249 ad
1013 3207 1128 3267 proce·
1138 3201 1164 3242 ³⁵

113 3269 226 3329 ritatem
241 3270 356 3348 quidem
368 3273 478 3352 attinet,
494 3271 593 3334 Rosea
607 3275 668 3351 agri
681 3273 780 3333 Sabini
793 3273 928 3334 arborum
941 3272 1130 3336 altitudinem

69 3360 122 3416 175
136 3372 165 3417 ts,
180 3373 214 3408 us
233 3363 348 3433 aequat.
375 3354 501 3417 Ferulae
523 3355 581 3417 duo
600 3356 710 3434 gendr'a
733 3358 761 3416 in
784 3358 947 3437 peregrinis
967 3356 1130 3420 fruticibus

112 3436 243 3499 diximus.
276 3456 376 3500 semen
394 3441 456 3501 eius
473 3441 501 3501 in
515 3439 598 3502 ltalia
614 3439 696 3502 cibus
714 3449 769 3502 est.
803 3441 1059 3520 conditurquippe
1072 3444 1131 3506 dn·
