2422 3840
379 201 459 249 nar.
482 201 573 250 rursu.
597 202 683 249 xvrr.
706 201 751 252 aa.
765 185 839 273 (35.)
1053 192 1093 251 77

89 360 141 420 uiti
155 359 310 436 imperare.
342 356 475 435 sequenti
497 373 571 416 anno
593 356 725 434 palmites
747 356 883 418 alitentur
904 374 958 435 pro
983 355 1093 416 viribus

89 444 188 504 matris
205 441 310 519 singuli
330 449 378 500 aut
394 440 511 517 gemini.
543 439 629 499 iidem
644 450 674 500 ct
689 448 808 515 secuto,
832 442 855 499 si
872 449 961 518 coget
976 440 1092 500 inlirmi·

91 538 154 601 tat,
176 527 350 601 nutriantur,
371 525 519 601 tertioque
538 524 650 584 demum
670 525 728 585 duo
751 524 918 585 adiciantur.
950 543 1006 584 nec
1028 533 1093 584 suut

91 611 192 690 plures
207 610 355 686 quaternis
371 625 504 686 umquam
521 608 714 686 permittendi,
728 607 915 687 breuiterque
930 626 987 668 non
1001 607 1092 668 indul·

65 692 216 772 agendum
233 701 262 752 et
277 709 395 770 semper
412 690 566 751 inhibenda
583 691 757 752 fecunditas.
789 699 818 749 et
834 709 869 750 ea
885 701 930 751 est
946 702 1046 752 natura
1061 701 1092 752 ut

91 795 197 858 parere
214 775 295 837 malit
315 792 399 854 quam
421 775 528 833 vivere.
563 775 700 854 quidquid
722 775 860 833 materiae
884 775 1014 835 adimitur
1034 775 1092 834 iru·

92 863 149 923 ctui
162 859 287 921 accedit.
314 858 363 918 illa
376 859 485 918 semina
496 857 604 918 mavolt
615 876 700 937 quam
712 858 835 918 fructum
850 859 941 934 gigni,
959 860 1093 936 quoniam

90 947 202 1006 iructus
218 943 327 1004 caduca
340 959 389 1002 res
408 950 462 1005 est.
494 943 538 1001 sic
554 943 721 1020 perniciose
741 941 880 1018 luxuriat,
902 959 957 1002 nec
978 940 1095 1020 ampliat

93 1048 137 1105 se,
154 1027 206 1087 sed
223 1027 325 1104 egerit.
358 1025 416 1104 [11]
438 1024 526 1086 Dabit
544 1027 695 1086 consilium
713 1034 742 1085 et
757 1026 815 1085 soli
829 1034 939 1086 natura.
970 1027 998 1085 in
1015 1044 1073 1085 ma·
1086 1035 1136 1090 179

58 1131 161 1188 sucro,
188 1111 300 1171 etiamsi
319 1110 388 1169 uiris
408 1109 543 1186 babebit,
570 1111 666 1171 recisa
687 1111 760 1170 intra
783 1110 879 1187 iugum
898 1120 1042 1184 moretur,
1066 1118 1094 1168 ut

93 1196 185 1259 omnis
201 1195 294 1255 ietura
313 1193 366 1253 sub
384 1209 419 1252 eo
437 1202 533 1253 exeat.
567 1195 719 1253 minumum
739 1192 767 1252 id
785 1211 853 1254 esse
869 1193 989 1254 debebit
1007 1196 1093 1253 inter·

92 1280 215 1354 vallum,
236 1287 266 1338 ut
281 1279 402 1354 attingat
415 1277 529 1353 iugum,
549 1287 725 1357 speretque,
743 1295 800 1337 non
815 1286 930 1354 teneat,
945 1279 1021 1339 adeo
1037 1295 1094 1337 non

93 1362 242 1424 recumbat
256 1363 284 1420 in
301 1378 348 1437 eo,
365 1377 421 1419 uec
436 1361 561 1421 delicate
577 1379 610 1420 se
635 1370 763 1440 spargat.
795 1363 832 1421 ita
852 1371 1031 1441 temperetur
1048 1362 1095 1421 hic

93 1447 195 1508 modus
210 1454 240 1503 ut
258 1460 396 1504 crescere
414 1445 566 1503 etiamnum
579 1444 659 1504 malit
680 1461 764 1522 quam
778 1462 894 1522 parere.
930 1446 986 1523 [18]
1011 1444 1074 1505 Pal·
1088 1453 1138 1508 180

60 1553 85 1594 rs
94 1549 156 1590 mes
171 1529 242 1589 duas
258 1527 349 1585 trisve
369 1543 499 1602 gemmas
520 1526 629 1587 babere
652 1526 704 1586 sub
727 1529 795 1603 iugo
811 1527 916 1602 debat,
939 1527 1095 1606 exquibus

94 1612 215 1673 materia
231 1617 382 1685 nascatur,
404 1619 472 1669 tunc
489 1627 543 1687 per
559 1611 657 1688 iugum
672 1612 764 1687 mergi
779 1611 970 1689 adligarique,
984 1621 1014 1670 ut
1031 1630 1093 1670 sus·

95 1699 219 1758 tineatur
236 1698 322 1771 iugo,
341 1710 398 1752 non
418 1692 553 1771 pendeat.
584 1693 700 1754 vinculo
716 1711 785 1753 mox
799 1694 965 1755 adstrictius
980 1712 997 1755 a
1012 1697 1095 1755 tertia

94 1797 207 1860 gemma
220 1778 352 1855 adligari,
370 1778 502 1856 quoniam
520 1779 610 1838 etsie
632 1787 789 1838 coercetur
811 1779 935 1857 impetus
956 1780 1096 1838 materiae

95 1865 307 1941 densioresque
329 1862 400 1920 citra
424 1862 549 1940 pampini
571 1861 724 1922 exsultant.
756 1880 895 1923 cacumen
909 1863 1028 1939 religari
1044 1881 1095 1922 ve·

60 1957 164 2014 notant.
195 1945 302 2006 Natura
321 1945 395 2006 haec
416 1955 475 2005 est:
500 1946 614 2006 deiecta
636 1964 704 2024 pars
725 1955 773 2006 aut
794 1947 958 2026 praeligata
971 1946 1094 2006 fructum

94 2035 157 2108 dat,
183 2031 401 2109 plurumumquc
422 2030 486 2108 ipsa
503 2039 665 2090 curvatura.
696 2031 774 2109 quod
795 2033 866 2090 citra
883 2040 928 2091 est
945 2033 1095 2090 materiem

94 2117 177 2176 mittit
191 2114 364 2188 almasuinta,
381 2113 483 2187 credo,
499 2115 599 2191 spiritu
615 2122 645 2172 et
660 2113 709 2173 illa
723 2131 807 2191 quam
821 2115 942 2174 diximus
957 2115 1092 2175 medulla.
1105 2131 1138 2168 1⁶2

96 2217 172 2280 quae
199 2199 237 2256 ita
264 2197 413 2255 emicuerit
437 2196 556 2255 materia
583 2196 706 2256 fructum
732 2196 811 2256 dabit
837 2215 911 2257 anuo
942 2207 1094 2275 sequente.

98 2285 147 2343 Sic
158 2282 215 2341 duo
232 2296 343 2357 genera
357 2278 513 2357 palmitum.
542 2279 620 2357 quod
636 2279 736 2339 eduro
751 2281 811 2338 exit
825 2282 1032 2357 materiamque
1048 2283 1075 2339 in
1089 2290 1137 2344 181

62 2386 88 2426 as
98 2382 266 2447 proxumum
292 2381 395 2424 aunum
419 2363 559 2441 promittit
584 2362 791 2441 pampinarium
819 2373 941 2423 vocatur
961 2371 1025 2438 aut,
1047 2363 1096 2423 ubi

98 2468 186 2530 supra
207 2448 374 2509 cicatricem
394 2456 438 2508 est
456 2447 651 2507 fructuarium.
683 2447 803 2506 alterum
822 2465 860 2506 ex
885 2447 1018 2507 anniculo
1035 2446 1095 2525 pal·

97 2536 165 2595 mite
187 2549 362 2610 semperque
383 2531 579 2591 fructuarium.
620 2529 800 2608 Relinquitur
822 2531 875 2590 sub
902 2531 970 2607 iugo
994 2539 1023 2590 et
1049 2532 1097 2610 qui

97 2625 218 2677 uocatur
233 2624 342 2675 custos.
373 2615 420 2674 hic
436 2623 481 2674 est
497 2613 634 2674 novellus
649 2614 776 2692 palmes,
799 2633 857 2675 non
875 2614 990 2691 longior
1005 2615 1095 2676 tribus

99 2699 236 2778 gemmis,
252 2714 392 2775 proxumo
409 2717 482 2760 anuo
497 2699 646 2759 materiam
663 2697 796 2774 daturus,
814 2700 838 2758 si
855 2700 922 2759 ritis
937 2700 1048 2760 luxuria
1064 2719 1096 2760 se

64 2809 90 2852 so
101 2783 323 2859 consumpserit.
351 2791 380 2843 et
396 2782 468 2842 alius
484 2784 562 2844 iuxta
578 2799 654 2858 eum,
670 2800 811 2843 verrucae
826 2783 1030 2862 magnitudine,
1048 2785 1096 2861 qui

99 2864 269 2930 furunculus
287 2866 465 2944 appellatur,
478 2868 503 2926 si
517 2867 594 2926 forte
607 2876 705 2928 custos
720 2866 810 2928 iallat.
835 2869 892 2947 [14]
909 2868 983 2926 Vitis
999 2876 1138 2931 ante-182

100 2969 183 3031 quam
202 2956 363 3026 septumum
384 2965 486 3008 aunum
505 2950 661 3010 a-surculo
678 2950 815 3028 conpleat
836 2959 960 3010 evocata
981 2951 1017 3010 ad
1038 2949 1095 3009 iru-

100 3046 175 3097 ctum
190 3033 351 3093 eiuncescit
368 3049 403 3091 ac
417 3035 546 3094 moritur.
576 3051 632 3093 nec
647 3041 777 3092 veterem
794 3034 891 3111 placet
909 3033 1054 3113 palmitem
1068 3037 1096 3094 in

99 3121 216 3196 longum
237 3125 267 3176 et
287 3115 324 3175 ad
344 3124 475 3193 quartum
497 3135 588 3194 usque
604 3116 803 3195 pedamentum
823 3118 929 3194 emitti,
953 3118 1029 3196 quod
1050 3119 1097 3178 alii

64 3229 91 3272 aa
101 3204 244 3264 dracones
261 3200 309 3260 alii
324 3199 468 3259 iuniculos
481 3208 596 3275 uocant,
612 3208 642 3258 ut
656 3199 762 3259 iaciant
780 3218 854 3280 quae
870 3202 1028 3261 masculeta
1047 3221 1096 3280 ap·

99 3287 219 3365 pellant.
259 3302 323 3344 cum
348 3283 473 3343 induruit
492 3284 572 3359 vitis,
589 3301 755 3362 pessumum
776 3285 804 3343 in
826 3285 911 3345 vinea
932 3286 1096 3345 traducere.

100 3370 206 3443 Quinto
222 3385 297 3429 anno
314 3376 343 3427 et
357 3367 413 3445 ipsi
432 3367 563 3444 palmites
585 3368 785 3446 intorquentur
805 3369 996 3445 singulaeque
1018 3369 1074 3426 sin·
1091 3377 1141 3432 183

101 3454 176 3529 gulis
190 3452 327 3512 materiae
343 3452 507 3512 emittuntur
521 3467 556 3510 ac
571 3450 677 3510 deiude
699 3468 715 3510 e
737 3453 914 3530 proxumis„
927 3453 1119 3525 ultoresque
