2422 3840
140 163 203 227 246
488 174 519 222 c.
533 174 630 221 emm
649 173 801 222 sacuam

142 330 299 392 cescentis.
333 330 372 388 ita
389 328 419 388 lit
435 336 536 387 utnon
558 327 689 387 omnibus
706 329 786 388 annis
807 329 947 389 sentiatur
963 328 1024 389 hoc
1039 331 1158 391 malum.

99 414 286 482 75Venenati
310 412 392 491 signa
408 420 473 471 sunt
488 413 566 490 quod
587 413 701 471 omnino
720 429 777 472 non
797 413 950 489 densatur,
972 415 1056 493 quod
1076 415 1161 476 color

141 501 233 576 magis
250 497 352 556 rutilus
369 505 424 571 est,
439 496 513 556 odor
528 496 639 556 alienus
655 505 851 556 sternumenta
866 496 1000 575 protinus
1020 515 1159 575 movens,

142 583 218 661 quod
237 581 432 661 ponderosius
450 581 578 639 innoxio.
615 582 664 658 qui
684 580 774 641 edere
798 581 926 641 abiciunt
949 599 983 641 se
1009 582 1094 642 humi
1115 601 1159 643 re·

98 676 132 730 to
143 666 361 743 trigerationem
377 673 568 744 quaerentes,
589 682 653 723 nam
669 673 698 723 et
714 665 821 725 sudore
836 664 979 725 diffluunt.
1014 664 1179 728 Remedias

98 749 234 834 {ljlgsunt
255 750 358 827 multa,
388 766 463 828 quae
486 751 546 809 suis
567 749 641 808 locis
659 748 798 808 dicemus.
829 749 883 810 sed
905 751 1046 828 quoniam
1063 754 1161 812 statim

141 837 356 914 repraesentari
371 833 466 911 aliqua
488 835 516 894 in
531 833 617 893 tantis
638 832 748 893 insidiis
768 841 902 912 oportet,
928 833 1060 894 mulsum
1075 845 1160 896 vetos

141 919 266 978 emelle
290 927 408 997 optumo
439 926 468 975 et
494 926 573 990 ruta,
607 916 782 977 salsamenta
812 919 914 992 etiam,
945 918 971 978 si
997 920 1161 980 reiciantur

142 1012 254 1081 sumpta
271 1003 387 1061 crebro.
427 1009 594 1079 certumque
614 1001 701 1061 estid
717 1000 821 1060 malum
838 1019 892 1079 per
913 1013 1113 1065 excrementa
1128 1002 1162 1064 ad

142 1105 229 1147 canes
246 1087 331 1145 etiam
347 1084 503 1162 pervenire
523 1084 713 1162 similiterque
731 1086 862 1164 torqueri
877 1101 941 1144 eos.
974 1087 1106 1149 mulsum
1121 1097 1186 1148 tau

141 1188 207 1228 men
220 1187 257 1228 ex
274 1186 310 1227 eo
326 1169 516 1227 inveteratum
528 1169 682 1227 innocuum
696 1185 765 1228 esse
781 1177 911 1245 constat,
938 1179 968 1229 et
984 1171 1161 1232 feminarum

142 1262 237 1312 cutem
251 1252 331 1311 nullo
347 1251 450 1312 melius
465 1251 613 1313 emendari
632 1270 695 1312 cum
714 1263 809 1328 costo,
823 1252 981 1330 suggillata
996 1273 1068 1316 cum
1084 1257 1159 1317 aloe.

100 1347 133 1404 tt
207 1337 291 1416 (45.)
317 1336 404 1397 Aliud
419 1354 512 1413 genus
527 1336 556 1395 in
570 1335 674 1396 eodem
688 1335 771 1396 Ponti
789 1337 855 1412 situ,
873 1347 963 1414 gente
981 1338 1159 1416 Sannorum,

141 1421 236 1481 mellis
261 1420 339 1500 quod
353 1420 390 1480 alt
405 1421 515 1480 insania
534 1439 618 1499 quam
633 1422 725 1498 gignit
744 1438 954 1481 maenomenon
977 1434 1103 1486 vocant.
1134 1425 1161 1485 id

143 1507 321 1565 existimatur
348 1505 478 1565 contrahi
506 1503 580 1564 flore
607 1505 805 1565 rhododendri
828 1522 886 1584 quo
909 1515 1031 1567 scatent
1056 1509 1187 1570 silvae-¹⁵

141 1608 274 1668 gensque
291 1607 341 1664 ea,
361 1607 425 1648 cum
441 1607 538 1649 ceram
558 1589 589 1647 in
604 1588 710 1649 tributa
731 1589 870 1649 Romanis
886 1600 1066 1670 praestent,
1094 1592 1161 1668 mel,

142 1675 276 1753 quoniam
295 1673 412 1733 exitiale
435 1682 496 1746 est,
523 1673 580 1732 non
603 1673 711 1736 vendit.
742 1671 780 1732 Et
800 1675 828 1733 in
846 1673 968 1734 Perside
991 1679 1072 1737 etin
1086 1676 1161 1739 llan-

142 1760 271 1818 rotaniae
289 1755 491 1817 Caesariensis
512 1756 645 1817 Gaetulia
666 1759 844 1818 contermina
860 1756 1059 1835 Massaesylis
1074 1779 1162 1822 vene·

143 1843 201 1900 nati
222 1842 280 1901 favi
301 1841 475 1917 gignuntur,
504 1841 677 1919 quidamque
703 1841 738 1901 ad
756 1851 885 1921 partem,
913 1858 971 1920 quo
994 1845 1073 1906 nihil
1095 1863 1161 1906 esse

101 1934 135 1991 78
146 1925 280 1985 fallacius
297 1933 410 2001 potest,
428 1925 483 1982 nisi
498 1923 576 2002 quod
594 1925 687 1983 livore
706 1925 972 2003 deprehenduntur.
1006 1926 1091 2002 Quid
1109 1929 1187 1990 siltia

144 2009 274 2068 voluisse
290 2016 419 2066 naturam
434 2008 470 2066 iis
485 2007 658 2067 arbitremur
673 2009 800 2085 insidiis,
826 2019 856 2069 ut
878 2010 914 2070 alt
930 2010 1040 2073 iisdem
1058 2015 1162 2093 apibus

143 2109 198 2151 nec
220 2090 352 2150 omnibus
373 2092 455 2152 annis
475 2092 579 2153 fiarent
604 2102 725 2152 autnon
747 2095 816 2153 totis
836 2091 931 2153 favis?
963 2113 1073 2174 parurn
1089 2099 1162 2158 enirn

143 2185 205 2236 erat
218 2177 358 2253 genuisse
373 2195 435 2236 rem
446 2177 474 2236 in
488 2195 544 2256 qua
560 2194 702 2237 venenum
714 2177 853 2238 facillime
872 2177 1013 2238 daretur?
1036 2183 1162 2243 etiamne

142 2260 200 2321 hoc
215 2259 282 2339 ipsa
297 2262 325 2320 in
340 2261 428 2321 melle
443 2270 486 2321 tot
512 2262 682 2321 animalibus
701 2258 800 2321 dediti
831 2263 971 2340 quid‘sibi
985 2265 1087 2326 voluit
1110 2266 1163 2326 nisi

142 2353 174 2404 ut
190 2347 348 2405 cautiorem
371 2346 521 2423 minusque
543 2345 657 2405 avidum
677 2346 792 2405 laceret
810 2344 976 2406 hominem?
1005 2366 1071 2409 non
1089 2353 1188 2412 eninra

144 2439 173 2488 et
187 2431 260 2507 ipsis
286 2429 389 2508 apibus
417 2430 473 2489 iarn
491 2429 628 2507 cuspides
654 2428 775 2489 dederat
799 2439 827 2489 et
853 2431 969 2508 quidem
995 2445 1163 2496 venenatas

142 2512 272 2572 remedio
296 2513 437 2573 adversus
461 2512 513 2572 has
529 2514 627 2591 utique
647 2529 705 2572 non
727 2511 911 2574 diliereudo?
944 2532 1020 2592 ergo
1046 2519 1163 2579 malvae

142 2613 214 2655 suco
231 2606 279 2656 aut
293 2597 429 2658 loliorum
448 2596 578 2657 hederae
594 2599 736 2675 perungui
751 2598 879 2658 salutare
901 2608 946 2659 cst
966 2600 1018 2660 vel
1038 2620 1162 2682 percus·

144 2695 195 2738 scs
217 2698 268 2739 eas
285 2679 396 2740 bibere.
428 2681 529 2741 mirum
549 2690 644 2740 tamen
665 2690 711 2740 est
735 2700 848 2742 venena
868 2684 1012 2762 portantis
1038 2704 1095 2747 ore
1114 2687 1162 2746 liu·

144 2763 300 2842 gentisque
317 2765 396 2842 ipsas
411 2781 470 2824 non
490 2767 577 2840 mori,
601 2767 655 2825 nisi
671 2766 747 2843 quod
768 2767 818 2826 illa
841 2765 954 2827 domina
974 2785 1080 2830 rerum
1102 2788 1189 2834 ont-a

143 2849 218 2906 nium
233 2848 308 2908 hanc
330 2847 409 2907 dedit
431 2850 652 2925 repugnantiam
662 2849 769 2930 apibus
793 2851 868 2910 sicut
885 2859 987 2912 contra
1009 2857 1163 2934 serpentis

145 2931 250 3006 Psyllis
265 2931 428 3009 llarsisque
449 2932 523 2990 inter
539 2931 681 2992 homines.

101 3024 136 3080 79
211 3016 259 3075 14.
284 3015 369 3093 (46.)
397 3015 484 3076 Aliud
498 3015 526 3074 in
553 3013 641 3077 Creta
665 3017 833 3078 miraculum
861 3017 973 3079 mellis:
1004 3039 1095 3084 mons
1120 3030 1163 3083 est

146 3095 250 3159 Carina
265 3112 343 3159 vnn
360 3114 386 3159 m
412 3116 548 3179 passuum
564 3100 687 3177 ambitu,
715 3103 786 3162 intra
804 3102 881 3180 quod
897 3103 1023 3181 spatium
1041 3123 1162 3168 muscae

143 3199 201 3242 uon
221 3185 421 3262 reperiuntur,
448 3192 601 3262 natumque
617 3185 657 3245 ilti
677 3185 735 3244 mel
754 3204 894 3265 nusquam
914 3188 1072 3265 attingunt.
1106 3191 1190 3252 lroctt

145 3270 346 3348 experimento
363 3267 511 3345 singulare
530 3268 745 3329 medicamentis
763 3272 896 3347 exigitur.

101 3363 137 3417 80
211 3353 295 3434 (47.)
318 3353 437 3414 Alvaria
458 3355 600 3413 orientem
621 3354 862 3431 aequinoctialem
883 3363 1025 3433 spectaro
1053 3375 1163 3419 conve·

133 3439 186 3499 nit.
218 3438 390 3520 aquilonem
407 3438 534 3517 evitent,
557 3437 773 3498 neciauouium
788 3438 889 3496 minus.
923 3439 1008 3498 alvos
1024 3452 1166 3522 optumas
