2422 3840
110 179 150 242 48
457 193 486 242 c.
502 195 599 242 Purnr
614 193 763 242 succum

109 351 211 428 plures
225 350 263 408 ita
285 349 484 407 continuentur
498 350 580 424 anni,
604 349 687 407 etiam
703 349 784 426 ipsae
803 347 960 407 moriantur
975 348 1116 421 arbores,

112 433 226 511 quando
245 433 348 490 nemini
361 432 445 492 dubia
458 448 553 509 poena
567 433 652 491 estin
667 432 742 491 fame
755 430 955 490 laborantium.
973 448 1046 509 ergo
1061 433 1115 511 qui

112 516 183 575 dixit
196 515 306 574 hiemes
322 533 443 574 serenas
459 515 599 594 optandas
617 533 675 576 non
697 532 750 593 pro
766 515 918 574 arboribus
943 523 1012 574 vota
1028 515 1112 575 fecit.

71 609 105 662 14
115 598 178 657 Nec
196 616 249 676 per
264 599 386 659 solstitia
403 599 509 658 imbres
524 600 629 658 vitibus
647 598 817 659 conducunt.
851 598 973 658 hiberno
993 598 1115 677 quidem

116 681 238 760 pulvere
261 681 400 742 laetiores
426 683 488 742 fueri
511 685 615 742 messis
644 682 813 742 luxuriantis
836 683 932 760 ingeni
958 682 1135 742 fertilitates

114 765 218 825 dictum
247 776 301 825 est.
344 766 470 845 alioquin
495 775 563 826 vota
589 766 722 825 arborum
744 766 916 844 frugumque
950 766 1114 826 communia

114 858 179 908 sunt
202 850 274 908 nivis
296 850 418 909 diutinas
440 851 554 910 sedere.
592 867 677 909 causa
699 867 757 909 non
780 849 872 908 solum
894 851 960 927 quia
987 848 1113 909 animam

113 942 209 992 terrae
223 943 446 992 evanescentem
460 934 644 993 exhalatione
660 933 806 992 includunt
825 942 854 992 et
868 933 1049 1012 conprimunt
1063 951 1111 993 re·

112 1025 216 1092 troque
236 1026 323 1092 agunt
343 1018 371 1075 in
394 1019 463 1075 viris
479 1017 590 1093 frugum
606 1025 691 1094 atque
707 1016 836 1092 radices,
861 1034 961 1075 verum
984 1016 1063 1094 quod
1081 1025 1112 1076 ει

113 1098 256 1176 liquorem
273 1102 378 1158 sensim
393 1099 550 1178 praebent,
571 1118 671 1177 purum
689 1109 842 1178 praeterea
862 1100 1110 1178 levissimumque,
1122 1117 1147 1157 ro

71 1181 229 1258 loquendo
254 1184 302 1241 nix
324 1200 460 1261 aquarum
480 1183 649 1243 caelestium
670 1202 770 1262 spuma
792 1192 847 1242 est.
877 1201 950 1261 ergo
970 1200 1053 1243 umor
1070 1202 1112 1244 ex

113 1265 156 1324 bis
174 1281 231 1323 non
243 1267 395 1325 universus
406 1267 584 1345 ingurgitans
596 1267 778 1345 diluensque,
792 1267 844 1326 sed
856 1268 1001 1345 quomodo
1015 1267 1109 1327 sititur

113 1347 274 1424 destillans,
292 1350 371 1409 velut
387 1368 424 1409 ex
437 1350 528 1409 ubere
544 1351 594 1410 alit
606 1353 699 1410 omnia
713 1369 787 1429 quae
804 1367 861 1409 non
875 1351 999 1411 inundat.
1021 1350 1110 1411 tellus

114 1448 230 1509 quoque
248 1432 298 1492 illo
315 1434 401 1493 modo
418 1435 626 1509 fermentescit,
642 1444 672 1493 et
688 1436 731 1494 sui
748 1434 835 1513 plena
849 1452 866 1494 a
882 1433 1111 1494 lactescentibus

113 1517 182 1575 satis
207 1533 263 1575 non
286 1517 389 1594 elleta,
416 1535 479 1577 cum
502 1526 615 1596 tempus
633 1519 741 1596 aperit,
767 1518 872 1596 tepidis
890 1518 1002 1578 adridet
1017 1517 1147 1578 horicus

112 1599 151 1658 ita
166 1618 296 1661 maxume
319 1602 458 1661 frumenta
480 1603 685 1679 pinguescunt,
708 1610 909 1680 praeterquam
929 1599 977 1660 ubi
999 1601 1111 1662 calidus

113 1700 230 1760 semper
252 1702 303 1743 aer
324 1694 384 1760 εει,
411 1694 441 1743 ιιι
461 1686 489 1742 in
511 1684 658 1763 Aegypto.
698 1685 872 1744 continuatio
899 1685 973 1744 enim
995 1693 1024 1744 et
1045 1686 1110 1762 ipsa

114 1767 293 1826 consuetudo
302 1768 378 1827 idem
387 1767 463 1844 quod
475 1767 576 1828 modus
589 1768 677 1827 aliubi
689 1768 788 1843 efficit,
796 1768 1013 1846 plurumumque
1021 1768 1110 1846 prod·

71 1859 104 1912 16
117 1857 161 1908 est
176 1849 349 1928 ubicumque
368 1867 427 1909 non
442 1867 509 1908 esse
531 1851 608 1928 quod
629 1859 744 1910 noceat.
775 1851 807 1910 ln
828 1852 936 1911 maiore
958 1860 1040 1929 parte
1062 1867 1109 1910 or·

88 1969 89 1972 ¹
112 1931 173 2005 bis,
190 1950 253 1990 cum
271 1949 433 2010 praecoces
449 1950 606 1993 excurrere
621 1935 846 2011 germinationes
862 1944 1003 1994 evocatae
1017 1935 1109 1994 indul·
1121 1956 1148 1997 ao

112 2015 210 2089 gentia
223 2015 308 2091 caeli,
322 2017 430 2074 secutis
443 2014 598 2093 frigoribus
612 2026 777 2077 exuruntur.
807 2017 912 2096 quade
927 2035 1014 2078 causa
1027 2034 1110 2077 sero·

113 2097 189 2155 tinae
205 2097 316 2157 hiemes
337 2100 452 2174 noxiae,
471 2099 652 2160 silvestribus
669 2118 802 2179 quoque,
826 2119 900 2179 quae
915 2101 1006 2179 magis
1022 2101 1110 2161 etiam

113 2179 212 2239 dolent
227 2192 367 2259 urguente
384 2182 483 2243 umbra
506 2201 556 2242 sura
579 2203 634 2244 nec
647 2185 797 2244 adiuvante
812 2185 969 2260 medicina,
994 2183 1109 2262 quando

71 2270 104 2325 17
116 2265 224 2324 vestire
232 2275 355 2326 teneras
367 2266 473 2326 intorto
488 2275 645 2327 stramento
656 2269 684 2326 in
696 2268 877 2327 silvestribus
888 2285 945 2326 non
958 2275 1012 2327 est.
1028 2267 1109 2346 Ergo

112 2350 304 2427 tempestivae
317 2367 409 2429 aquae
423 2350 550 2410 hibernis
562 2353 681 2429 primum
692 2351 720 2408 in
731 2350 880 2427 imbribus,
889 2353 955 2412 dein
965 2351 1108 2428 germina·
1119 2369 1147 2410 as

112 2433 218 2492 tionem
244 2432 493 2493 antecedentibus.
532 2436 645 2493 tertium
671 2444 784 2512 tempus
811 2443 872 2509 est,
898 2452 961 2493 cum
985 2433 1111 2494 educant

113 2533 208 2594 poma,
223 2534 278 2575 nec
292 2519 440 2595 protinus,
467 2517 519 2577 sed
536 2518 590 2577 iam
605 2517 702 2577 valido
719 2517 789 2578 fetu.
822 2534 897 2594 quae
913 2517 1023 2577 fructus
1039 2535 1109 2576 suos

112 2597 216 2657 diutius
236 2601 382 2659 continent
403 2600 612 2678 longioresque
630 2600 796 2662 desiderant
812 2600 903 2676 cibos,
919 2601 963 2660 his
980 2609 1009 2660 et
1027 2618 1109 2660 sero·

112 2682 189 2740 tinae
207 2698 299 2758 aquae
315 2683 417 2758 utiles,
433 2691 464 2741 ut
478 2684 544 2759 viti,
564 2684 665 2759 oleae,
690 2683 811 2761 punicis.
842 2683 903 2744 Hae
920 2686 975 2744 iam
991 2683 1109 2761 pluviae

112 2764 229 2842 generis
246 2766 385 2842 cuiusque
405 2765 557 2826 arboribus
572 2767 688 2826 diverso
703 2767 789 2827 modo
810 2768 1146 2843 desiderantur,'aliisso

112 2848 170 2908 alio
186 2858 319 2926 tempore
336 2848 551 2908 maturantibus.
583 2859 761 2929 quapropter
776 2851 885 2910 eisdem
901 2851 1038 2910 imbribus
1055 2851 1108 2911 ali·

113 2949 169 3009 qua
185 2933 262 2992 laedi
277 2932 388 3007 videas,
407 2931 502 3009 aliqua
514 2933 614 3006 iuvari,
631 2934 715 2992 etiam
729 2935 757 2992 in
773 2935 876 2995 eodem
892 2952 1014 3011 genere,
1033 2935 1111 2994 sicut

112 3015 141 3072 in
155 3017 225 3091 piris
241 3015 298 3074 alio
310 3015 357 3075 die
369 3014 488 3074 hiberna
508 3025 649 3093 quaerunt
668 3016 796 3094 pluvias,
821 3019 878 3079 alio
895 3034 966 3078 vero
985 3035 1110 3097 praeco·

114 3097 173 3172 cia,
191 3107 221 3156 ut
243 3099 351 3176 pariter
372 3099 486 3176 quidem
509 3099 602 3159 omnia
628 3099 794 3161 desiderent
822 3101 971 3162 hibernum
996 3111 1111 3180 tempus

71 3185 105 3242 18
116 3188 182 3240 autc
197 3183 443 3257 germinationem.
474 3180 555 3254 Quae
572 3183 735 3261 aquilonem
758 3195 855 3245 austro
875 3184 1018 3245 utiliorem
1039 3185 1149 3245 facitss

110 3265 185 3323 ratio
197 3264 297 3323 eadem
310 3266 520 3325 mediterranea
533 3267 678 3326 maritimis
693 3269 823 3347 praefert
834 3304 875 3314 -
886 3279 951 3328 sunt
960 3269 1035 3328 enim
1046 3268 1110 3346 ple-

112 3365 231 3425 rumque
246 3347 396 3425 frigidiora
411 3358 494 3408 -et
512 3358 662 3410 montuosa
677 3352 770 3429 planis
791 3361 820 3412 et
836 3361 994 3412 nocturnos
1010 3352 1111 3412 imbris

112 3429 230 3493 diurnis.
261 3433 352 3510 magis
373 3431 492 3493 fruitura
514 3432 596 3510 aquis
618 3442 680 3496 sata
698 3452 755 3494 non
778 3436 871 3496 statim
889 3435 1040 3497 auferente
1057 3452 1110 3496 eas
