2422 3840
108 167 169 228 240
456 179 486 227 c.
502 179 601 226 amur
616 143 767 226 succum

110 338 254 401 Pannonia
279 335 361 396 hanc,
378 335 471 414 gignit
491 345 521 394 et
547 333 647 394 Norici
665 332 838 411 Alpiumque
863 330 981 410 aprica,
1007 328 1130 391 urbium

67 422 277 504 “Eporedia
305 427 401 479 tantae
422 419 571 479 suavitatis
592 426 623 477 ut
642 416 789 477 metallum
809 434 878 475 esse
896 414 1042 492 coeperit.
1075 433 1128 476 ve·

111 509 202 569 stibus
220 505 364 582 interponi
386 521 450 563 eam
467 503 679 580 gratissimum,
703 499 786 584 (21.)
806 501 879 560 sicut
896 498 971 577 apud
989 497 1129 560 Graecos

111 593 219 671 polium
234 588 372 663 herbam,
399 587 534 646 inclutam
548 585 658 646 Musaei
677 594 706 645 et
720 583 840 648 Hesiodi
857 583 992 644 laudibus
1007 583 1049 644 ad
1067 602 1129 646 om·

110 678 156 736 nia
179 674 279 753 utilem
300 673 528 752 praedicantium
555 688 703 748 superque
728 678 827 729 cetera
851 668 888 728 ad
908 668 1013 728 famam
1038 670 1150 731 etiams

111 776 146 820 ac
163 758 334 837 dignitates,
360 773 540 835 prorsusque
555 757 670 830 miram,
697 753 840 828 simodo,
867 760 898 812 ut
914 751 1050 829 tradunt,
1082 753 1128 814 fo·

111 845 149 903 lia
168 845 230 903 eius
255 859 338 901 mane
363 839 501 916 candida,
531 839 652 898 meridie
667 854 841 917 purpurea,
874 836 938 896 sole
967 837 1129 899 occidente

112 927 249 987 caerulea
270 925 475 1002 adspiciuntur.
512 923 568 983 duo
586 940 697 1000 genera
722 923 797 981 eius:
831 929 995 1000 campestre
1019 925 1129 999 maius,

112 1011 248 1070 silvestre
277 1007 469 1086 quodminus
496 1015 550 1066 est.
588 1006 702 1084 quidam
727 1005 873 1067 teuthrion
897 1013 1015 1067 vocant.
1056 1005 1130 1067 folia

112 1095 190 1154 canis
212 1092 333 1152 hominis
361 1091 477 1165 similia,
506 1090 643 1150 aradice
668 1092 815 1168 protinus,
845 1107 998 1168 numquam
1027 1091 1159 1169 palmum

111 1177 223 1239 altiora.

68 1270 103 1324 45
180 1259 208 1319 8.
234 1257 318 1338 (22.)
342 1257 379 1317 Et
396 1257 433 1317 de
449 1258 578 1318 odoratis
598 1256 719 1318 floribus
735 1259 805 1316 satis
820 1257 943 1332 dictum,
973 1257 1129 1337 inquibus

111 1351 258 1419 unguento
281 1343 389 1401 vicisse
414 1352 543 1403 naturam
566 1343 697 1419 gaudens
723 1341 834 1401 luxuria
852 1340 984 1400 vestibus
1003 1359 1129 1422 qnoque

111 1428 285 1506 provocavit
312 1443 364 1486 eos
391 1425 480 1485 flores
509 1427 556 1504 qui
584 1426 685 1485 colore
712 1425 957 1486 commendantur.
986 1425 1047 1486 hos
1071 1431 1129 1488 ani·

111 1512 261 1571 madverto
276 1511 327 1572 tris
346 1529 413 1570 esse
429 1510 612 1588 principalis,
632 1518 663 1568 ut
685 1509 837 1569 rubentem
852 1510 881 1568 in
902 1526 1014 1585 cocco,
1042 1512 1095 1590 qui
1112 1527 1157 1570 aas

112 1597 188 1654 rosis
204 1595 345 1672 migrante
360 1595 452 1672 gratia
475 1593 602 1652 nonnihil
624 1593 894 1671 trahitansuspectu
915 1601 944 1651 et
965 1595 995 1652 in
1016 1612 1130 1674 purpu-

112 1697 160 1737 ras
172 1679 274 1754 Tyrias
301 1678 501 1756 dibaphasque
528 1694 563 1735 ac
589 1675 765 1752 Laconicas,
793 1677 1016 1752 amethystinnm
1041 1680 1094 1756 qui
1115 1696 1131 1738 a

81 1763 191 1822 saviola
207 1771 236 1821 et
251 1763 315 1839 ipse
331 1763 359 1819 in
375 1776 551 1839 purpureum
566 1777 709 1838 quemque
727 1761 882 1821 ianthinum
899 1761 1128 1839 appellavimus.

113 1863 223 1922 genera
251 1845 325 1903 enim
351 1852 507 1903 tractamus
535 1845 563 1902 in
589 1845 705 1920 species
726 1845 831 1905 multas
850 1862 919 1904 sese
942 1847 1128 1922 spargentia.

69 1930 218 1990 46tertius
240 1936 284 1985 est
309 1929 356 2004 qui
376 1928 495 2004 proprie
518 1926 654 2001 conchyli
672 1928 866 2006 intellegitur,
892 1929 990 1988 multis
1012 1929 1156 1990 modiana

113 2029 184 2070 unus
199 2012 227 2068 in
243 2010 419 2088 heliotropio
436 2019 465 2068 et
488 2011 516 2068 in
537 2010 635 2088 aliquo
652 2029 689 2070 ex
705 2012 749 2071 his
764 2013 935 2091 plerumque
954 2015 1128 2089 saturatior‚

113 2093 185 2154 alius
201 2095 230 2152 iu
252 2093 345 2153 malva
360 2093 396 2155 ad
412 2111 567 2172 purpuram
588 2095 744 2172 inclinans,
763 2097 836 2156 alius
851 2098 879 2155 in
899 2096 979 2157 viola
993 2098 1129 2158 serotina

113 2177 330 2251 conchyliorum
351 2179 566 2256 vegetissimus.
605 2180 685 2257 paria
705 2197 779 2239 nunc
803 2188 1006 2258 conponuntur
1024 2191 1057 2242 et
1079 2198 1127 2241 na·

112 2271 176 2322 tura
192 2271 279 2339 atque
293 2262 405 2322 luxuria
421 2263 596 2340 depugnant.
630 2263 700 2323 lutei
713 2264 801 2324 video
817 2264 958 2324 honorem
983 2266 1127 2345 antiquis·

114 2347 230 2421 simum,
258 2348 285 2405 in
301 2346 476 2423 nuptialibus
492 2345 631 2405 flammeis
646 2354 735 2406 totum
751 2347 863 2407 feminis
878 2365 1075 2425 concessum,
1098 2357 1157 2408 eta

112 2430 246 2489 fortassis
261 2429 329 2488 ideo
340 2446 398 2488 non
412 2431 557 2489 numerari
572 2431 646 2489 inter
661 2430 847 2509 principalis,
865 2433 923 2492 hoc
938 2441 984 2491 est
995 2449 1127 2493 commu·

113 2514 156 2571 nis
171 2511 297 2572 maribus
315 2531 350 2573 ac
364 2513 494 2589 feminis,
519 2515 653 2592 quoniam
669 2516 797 2574 societas
813 2516 1003 2595 principatum
1022 2517 1115 2578 dedit.

70 2603 105 2658 47
179 2593 262 2672 (23.)
285 2595 442 2658 Amaranto
466 2614 524 2657 non
549 2597 635 2657 dubie
663 2598 810 2658 vincimur.
852 2608 896 2659 est
922 2608 1018 2661 autern
1045 2602 1128 2680 spica

112 2696 256 2756 purpurea
273 2681 371 2738 verius
394 2699 478 2758 quam
494 2680 549 2740 ilos
571 2681 690 2759 aliquis,
718 2691 748 2742 et
769 2683 833 2761 ipse
851 2684 913 2742 sine
934 2683 1041 2744 odore.
1075 2685 1127 2745 mi·

112 2779 173 2821 rum
188 2762 216 2820 in
239 2779 275 2821 eo
293 2763 423 2839 gaudere
439 2765 559 2842 decerpi
581 2773 611 2823 et
631 2765 735 2826 laetius
751 2768 877 2826 renasci.
910 2769 1050 2845 provenit
1066 2767 1157 2827 rhu-ac

112 2853 197 2922 gusto
218 2863 334 2921 mense,
363 2847 445 2907 durat
466 2849 494 2906 in
515 2856 685 2908 autumnum.
720 2849 920 2910 Alexandrino
942 2851 1058 2933 palma,
1078 2851 1128 2932 qui

114 2929 268 3008 decerptus
287 2930 475 3008 adservatur,
513 2933 660 3010 mireque,
690 2943 845 3012 postquam
869 2934 1006 2994 defecere
1030 2935 1128 2996 cuncti

112 3010 218 3086 flores,
245 3013 424 3074 madefactus
441 3033 515 3094 aqua
530 3016 690 3077 revivescit
704 3026 734 3076 et
748 3018 886 3079 hibernas
903 3034 1029 3078 coronas
1044 3019 1125 3081 facit.

113 3111 220 3154 summa
242 3106 341 3157 natura
365 3100 427 3158 eius
452 3102 480 3159 in
504 3099 619 3159 nomine
642 3109 687 3160 est
710 3102 886 3182 appellatio,
908 3103 1045 3182 quoniam
1066 3121 1127 3164 non

111 3189 282 3239 marcescat.
1134 3206 1157 3249 aa

69 3269 105 3325 48
178 3262 264 3342 (24.)
287 3264 318 3323 ln
333 3266 448 3325 nomine
464 3276 493 3326 et
509 3267 593 3342 cyani
608 3267 702 3348 colos,
723 3269 791 3328 item
807 3268 987 3346 holochrvsi.
1019 3289 1127 3335 omnes

112 3355 206 3407 autem
231 3347 260 3409 hi
285 3349 373 3409 flores
398 3367 456 3410 non
481 3351 564 3411 fuere
586 3352 615 3411 in
639 3371 692 3411 usu
711 3352 872 3414 Alexandri
894 3353 990 3432 Magni
1011 3367 1126 3437 aetate,

106 3433 243 3508 quoniam
259 3435 395 3516 proxumi
410 3453 426 3496 a
441 3444 534 3498 morte
550 3436 611 3496 eiius
627 3445 763 3498 auctores
781 3437 890 3498 siluere
907 3437 943 3498 de
961 3439 1040 3519 illis,
1067 3462 1127 3523 quo
