2422 3840
333 226 413 274 unu.
428 224 519 272 rursu.
533 225 620 272 xxm.
639 223 758 276 23-24.
779 215 931 292 (ua—su.)
1072 213 1133 275 287

131 382 191 456 dis,
207 397 259 439 ore
275 376 482 454 stomachoque
499 376 668 453 mulcendo,
685 378 806 438 ardores
822 379 1034 456 refrigerando.
1054 381 1133 457 frigi·

130 464 193 524 dam
211 464 283 522 enim
300 461 361 520 dari
376 460 472 519 utilius
487 461 580 518 ventri
594 460 751 521 molliendo
767 463 881 522 invenio
897 464 971 540 apud
987 473 1132 523 auctores.

129 548 203 607 hunc
227 554 324 624 potum
347 542 502 602 bibendum
527 543 658 618 alsiosis,
682 546 751 603 item
771 547 854 604 animi
879 546 991 606 humilis
1008 557 1036 606 et
1049 566 1133 626 prae·

129 631 229 708 parci,
244 645 316 707 quos
329 628 370 687 illi
388 627 490 686 dixere
509 628 739 705 micropsychos.
772 636 801 686 et
821 637 866 686 est
888 631 961 688 ratio
977 630 1114 691 subtilita-
1127 644 1175 696 111

102 716 164 773 stis
180 714 325 771 inmensae
341 729 356 770 a
372 710 493 769 Platone
507 709 689 770 descendens
706 710 887 788 corpusculis
901 729 997 770 rernm
1010 713 1133 792 levibus,

127 796 255 872 scabris,
273 794 438 871 angulosis,
455 792 600 872 rotundis,
616 794 707 870 magis
723 795 876 853 autminus
892 793 928 852 ad
949 795 1070 854 aliorum
1085 816 1134 857 na·

126 889 217 939 turam
233 877 456 953 accedentibus,
473 877 540 936 ideo
555 894 612 935 non
628 877 729 936 eadem
747 876 877 936 omnibus
894 895 989 937 amara
1009 889 1056 938 aut
1072 880 1133 940 dul-

128 965 173 1023 cia
195 980 271 1022 esse.
308 963 351 1021 sic
374 970 403 1020 et
425 962 453 1018 in
473 960 640 1019 lassitudine
662 962 815 1038 proniores
828 979 894 1020 esse
910 961 945 1020 ad
961 963 1135 1022 iracundiam

127 1055 157 1105 et
174 1048 201 1104 in
217 1047 273 1105 siti.
306 1053 424 1121 ergoet
444 1044 519 1103 haec
535 1047 618 1104 animi
640 1047 799 1122 asperitas,
821 1063 873 1104 seu
894 1046 991 1122 potius
1011 1047 1137 1123 animae,

91 1152 116 1194 10
126 1129 257 1190 dulciore
279 1146 349 1188 suco
378 1128 522 1205 mitigatur
551 1120 639 1187 lenito
660 1130 780 1187 transitu
808 1129 926 1206 spiritus
949 1137 978 1188 et
999 1129 1133 1189 molliore

127 1214 205 1273 lacto
222 1222 332 1287 meatu,
357 1230 392 1270 ne
408 1211 519 1271 scindat
534 1220 649 1270 euntem
668 1212 906 1291 redeuntemque.
933 1215 1134 1290 experimenta

127 1299 155 1356 in
172 1315 205 1355 se
224 1298 345 1373 cuique,
363 1294 468 1353 nullius
487 1311 544 1353 non
561 1295 619 1368 ira,
639 1295 748 1371 luctus,
767 1297 880 1354 tristitia
898 1305 926 1354 et
944 1298 1034 1355 omnis
1050 1298 1134 1355 animi

127 1382 251 1457 impetus
268 1377 333 1437 cibo
348 1377 487 1453 mollitur,
506 1378 632 1455 ideoque
642 1377 826 1437 observanda
842 1388 906 1437 sunt
922 1397 996 1456 quac
1011 1395 1069 1438 non
1087 1397 1133 1438 so·

126 1464 183 1523 lum
204 1478 359 1539 corporum
375 1461 543 1520 medicinam
559 1461 611 1520 sed
629 1470 658 1520 et
675 1478 784 1520 morum
800 1461 916 1521 habent.

90 1569 116 1608 15
190 1545 274 1624 (52.)
297 1543 381 1622 Aqua
402 1545 493 1604 mulsa
515 1554 544 1604 et
565 1545 753 1604 tussientibus
774 1545 851 1604 utilis
873 1545 1009 1621 traditur,
1036 1546 1176 1610 cale-112

125 1629 201 1688 facta
213 1630 312 1687 invitat
324 1629 511 1704 vomitiones,
529 1639 627 1689 contra
641 1647 783 1688 venenum
796 1628 921 1706 psimithi
936 1628 1069 1689 salutaris
1084 1631 1132 1689 ad·

125 1712 185 1772 dito
205 1712 288 1788 oleo,
309 1713 377 1771 item
393 1721 492 1773 contra
507 1713 675 1788 hyoscyami
692 1730 754 1771 cum
770 1712 846 1771 lacte
862 1731 993 1772 maxume
1011 1714 1132 1788 asinino,

126 1805 155 1855 ct
177 1805 277 1856 contra
300 1795 478 1872 halicacabi,
506 1805 536 1855 ut
559 1795 691 1855 diximus.
732 1795 888 1855 infunditur
916 1805 944 1856 et
972 1797 1176 1858 auribus21,1s2

125 1889 155 1938 et
169 1879 335 1956 genitalium
356 1880 478 1941 fistulae.
508 1879 603 1938 volvis
625 1880 769 1956 inponitur
793 1898 856 1938 cum
872 1898 947 1957 pane
974 1880 1133 1957 molli,'sn·

90 1984 116 2025 20
125 1963 192 2022 bitis
216 1963 391 2038 tumoribus,
418 1962 522 2021 luxatis
546 1962 747 2041 leniendisque
769 1963 910 2023 omnibus.
953 1964 1133 2024 inveteratae

125 2064 207 2105 usum
219 2046 391 2106 damnavere
404 2048 516 2123 posteri
528 2048 618 2105 minus
631 2048 812 2106 innocentem
823 2064 896 2124 aqua
908 2048 1058 2126 minusque
1066 2049 1133 2105 vino

126 2130 244 2187 lirmum.
275 2129 364 2205 longa
383 2137 478 2186 tamen
496 2137 641 2188 vetustate
663 2132 764 2188 transit
786 2130 814 2187 in
834 2131 945 2206 vinum,
970 2140 1001 2189 ut
1021 2139 1134 2191 constat

124 2214 322 2287 interamnis,
340 2210 490 2270 stomacho
508 2212 718 2270 inutilissimum
733 2212 890 2289 nervisque
908 2216 1090 2273 contrarium.

188 2294 273 2374 (53.)
297 2297 420 2371 Semper
442 2295 564 2354 mulsum
585 2313 622 2354 ex
639 2304 740 2354 vetere
762 2297 830 2354 vino
855 2296 1050 2371 utilissimum,
1072 2297 1113 2355 ia·
1127 2306 1176 2360 113

88 2404 114 2444 25
127 2379 292 2456 cillimeque
309 2397 373 2437 cum
387 2378 474 2438 melle
492 2388 737 2456 concorporatur,
758 2380 835 2458 quod
847 2381 874 2438 in
889 2379 966 2439 dulci
983 2384 1134 2457 numquam

127 2464 232 2523 evenit.
264 2481 301 2522 ex
323 2471 440 2522 austero
462 2463 567 2521 iactum
588 2479 646 2520 non
661 2462 753 2538 inplet
771 2461 964 2537 stomachum,
983 2479 1077 2540 neque
1096 2480 1133 2522 cx

126 2547 251 2606 decocto
266 2545 363 2605 melle.
387 2547 537 2622 minusque
552 2545 647 2621 inllat,
661 2546 738 2622 quod
755 2546 819 2605 lere
841 2547 948 2604 evenit.
978 2546 1133 2624 adpetendi

126 2646 242 2707 quoqne
266 2638 387 2688 revocat
407 2629 572 2688 aviditatem
594 2628 660 2687 cibi.
692 2629 787 2689 alvom
812 2627 903 2687 mollit
924 2628 1031 2705 frigido
1054 2640 1132 2708 potu,

125 2710 256 2790 pluribus
272 2711 367 2772 calido
383 2712 473 2787 sistit,
490 2729 615 2790 corpora
630 2721 727 2789 auget.
744 2712 825 2771 multi
837 2722 983 2771 senectam
998 2713 1112 2790 longam
1126 2725 1176 2777 114

88 2796 208 2856 eomulsi
220 2802 326 2853 tantum
340 2797 434 2855 intrita
446 2795 629 2870 toleravere,
647 2813 743 2874 neque
760 2796 817 2855 alio
834 2795 893 2854 ullo
917 2795 999 2872 cibo,
1024 2797 1133 2856 celebri

123 2878 264 2938 Pollionis
284 2877 388 2938 Romili
417 2880 564 2959 exemplo.
593 2881 780 2939 centesimum
809 2896 909 2938 annum
941 2880 1133 2939 excedentem

125 2980 188 3021 eum
201 2962 283 3021 divos
300 2963 446 3039 Augustus
459 2963 569 3041 hospes
584 2964 789 3039 interrogavit,
806 2981 926 3040 quanam
942 2981 1072 3023 maxume
1089 2981 1132 3022 ra·

124 3046 202 3106 tione
224 3046 355 3123 vigorem
380 3047 460 3106 illum
482 3049 565 3107 animi
591 3048 784 3125 corporisque
808 3048 992 3106 custodisset.
1034 3054 1061 3106 at
1082 3047 1132 3106 ille

123 3131 289 3209 respondit:
318 3130 394 3188 intus
413 3131 524 3207 mulso,
543 3131 615 3190 loris
636 3131 714 3191 oleo.
747 3130 840 3190 Varro
858 3131 969 3206 regium
987 3131 1132 3206 cognomi-

88 3224 220 3274 aonatum
237 3223 419 3292 arquatorum
434 3216 565 3274 morbum
583 3215 684 3290 tradit,
704 3215 836 3292 quoniam
853 3214 946 3272 mulso
966 3223 1089 3272 curetur.

190 3300 273 3378 (54.)
296 3298 434 3358 hlelitites
455 3315 512 3375 qno
530 3298 614 3358 fieret
635 3298 721 3357 modo
742 3315 779 3357 ex
797 3307 890 3356 musto
914 3305 944 3356 et
960 3298 1047 3356 melle
1064 3296 1175 3362 do-115

127 3381 235 3440 cuimus
254 3383 282 3440 in
304 3383 416 3440 ratione
438 3383 506 3440 vini.
538 3381 665 3442 saeculis
686 3383 739 3440 iam
755 3382 817 3441 lieri
834 3397 891 3439 non
907 3379 1031 3439 arbitror
1045 3381 1102 3440 hoc
1114 3379 1175 3424 “2⁸⁵

125 3479 217 3538 genus
232 3465 424 3526 inflationibus
442 3465 607 3525 obnoxium.
630 3465 745 3525 solebat
761 3475 860 3524 tamen
871 3464 1077 3520 inveteratam
1084 3461 1153 3513 ‘chax
