2422 3840
334 201 415 248 nnn.
433 201 523 249 nrsr.
541 201 638 247 xvrrr.
655 197 775 250 24-25.
793 187 946 267 (to-57.)
1068 188 1128 250 129

123 357 207 416 citius
223 356 294 415 alias
313 355 421 414 tardius
438 354 559 413 caelesti
575 353 682 412 effectu
699 355 735 413 ad
749 363 855 413 terram
872 354 1012 429 deciduo,
1037 354 1128 431 volgo

122 441 279 499 serenitate
296 437 408 497 reddita
432 437 595 496 conlectum
613 437 692 496 sidus
707 436 844 496 audimus.
876 437 1031 498 Praeterea
1048 446 1172 501 cum208

123 524 217 581 omnia
233 522 306 582 haec
321 522 403 581 statis
421 519 564 579 sideribus
582 520 723 598 caeloque
746 520 849 579 adfixis
871 530 1020 598 constent,
1041 523 1128 581 inter·

122 607 240 665 veniunt
255 615 332 665 motu
349 604 498 664 stellarum
508 603 674 680 grandines,
690 603 797 663 imbres
811 612 840 662 et
852 605 907 682 ipsi
919 622 976 664 non
987 607 1045 666 levi
1058 606 1127 665 elle·

101 699 181 764 actu,
196 698 225 748 nt
240 690 404 763 docuimus,
422 686 594 764 turbantque
612 696 773 765 conceptae
789 689 852 764 spei
865 689 1003 748 ordinem.
1030 691 1170 767 iuquam

122 792 159 833 ne
171 772 255 831 nobis
268 781 376 832 tantum
387 779 521 849 putemus
533 771 681 849 accidere,
697 770 849 847 etreliqua
861 771 934 829 fallit
943 772 1074 831 animalia
1083 790 1129 831 sa·

122 858 242 936 gaciora
255 857 333 915 circa
345 855 412 929 hoc,
425 862 455 912 ut
468 871 524 931 quo
537 855 594 914 vita
604 871 702 913 eorum
713 862 838 929 constet,
851 856 1035 934 aestivasque
1045 855 1129 913 alites

121 940 306 1019 praeposteri
325 947 373 997 aut
389 939 583 1016 praeproperi
600 939 714 1014 rigores
726 947 846 1013 necant,
864 937 1000 997 hibernas
1020 947 1128 998 aestus.

122 1023 190 1083 ideo
208 1022 355 1099 Vergilius
372 1023 524 1081 errantium
542 1038 659 1102 quoque
680 1021 806 1081 siderum
823 1023 963 1081 rationem
980 1023 1172 1084 odmen-209

89 1121 114 1161 ιο
124 1107 187 1167 dam
202 1107 354 1184 praecipit,
376 1105 532 1164 admonens
543 1105 754 1165 observandum
763 1104 887 1181 frigidae
899 1107 1013 1166 Saturni
1025 1106 1129 1166 stellae

122 1192 279 1252 transitum.
312 1198 376 1248 sunt
395 1191 443 1268 qui
454 1189 644 1249 certissimum
656 1190 735 1248 veris
747 1188 881 1249 indicium
902 1190 1077 1251 arbitrentur
1092 1189 1129 1249 ob

122 1274 313 1334 infirmitatem
329 1272 458 1333 animalis
475 1272 648 1351 papiliones.
680 1274 707 1333 id
723 1289 759 1331 eo
776 1274 841 1350 ipso
865 1291 939 1333 anno
964 1292 1027 1333 cum
1052 1270 1128 1333 com'·

120 1367 314 1419 mentaremur
329 1357 402 1416 haec
417 1365 544 1416 notatum
562 1366 616 1431 est,
633 1365 805 1435 proventum
822 1374 922 1417 eornm
940 1367 985 1417 ter
1001 1360 1127 1436 repetito

122 1442 233 1519 frigore
251 1442 439 1514 exstinctum,
462 1440 649 1517 advenasque
669 1440 807 1499 volucres
828 1458 857 1499 ις
871 1441 898 1500 d.
922 1454 967 1499 vt.
989 1440 1129 1500 kalendas

89 1524 209 1585 rallebr.
229 1541 312 1603 spem
324 1525 402 1582 veris
419 1523 550 1583 attulisse
560 1540 629 1582 mox
646 1524 815 1583 saevissima
827 1521 923 1582 hieme
939 1524 1128 1583 conflictatos.

121 1609 182 1668 Res
207 1626 332 1686 anceps:
355 1609 476 1685 primum
498 1609 621 1666 omnium
643 1607 759 1667 acaelo
783 1608 843 1684 peti
865 1606 979 1684 legem,
1006 1607 1172 1671 deindefflb

123 1711 186 1752 eam
207 1693 383 1769 argumentis
405 1708 473 1750 csse
497 1693 700 1769 quaerendam.
739 1708 828 1769 snper
851 1693 945 1750 omnia
967 1700 1013 1750 est
1034 1692 1129 1751 mnndi

124 1778 292 1836 convexitas
307 1785 506 1853 terrarumque
523 1774 605 1852 globi
622 1775 800 1849 differentia,
826 1775 929 1835 eodem
951 1776 1048 1835 sidere
1072 1775 1129 1835 alio

122 1870 254 1939 temporo
270 1859 334 1920 aliis
349 1860 502 1938 aperiente
520 1877 553 1918 se
569 1859 715 1936 gentibus,
734 1875 792 1937 quo
808 1858 883 1918 litut
899 1877 985 1919 causa
998 1861 1060 1918 eius
1072 1876 1129 1917 non

86 1964 113 2005 ιο
124 1945 225 2004 iisdem
242 1942 344 2004 diebus
358 1942 466 2020 ubique
481 1943 587 2002 valeat.
617 1942 754 2002 addidere
773 1942 971 2002 difficultatem
984 1952 1013 2002 et
1029 1952 1128 2002 aucto·

122 2047 171 2087 res
186 2028 310 2087 diversis
323 2028 352 2086 in
368 2027 442 2087 locis
459 2026 655 2102 observando,
672 2044 740 2086 mox
755 2028 840 2086 etiam
855 2028 884 2085 in
900 2028 1002 2087 iisdem
1014 2028 1130 2087 diversa

122 2111 284 2191 prodendo.
316 2120 377 2168 tres
404 2118 500 2170 autem
520 2110 604 2169 inere
621 2120 738 2184 sectae,
765 2108 928 2185 Chaldaea,
954 2110 1170 2188 Aegyptiam

124 2194 245 2254 Graeca.
275 2193 319 2252 his
336 2193 444 2253 addidit
459 2201 588 2270 quartam
604 2192 679 2270 apud
695 2210 750 2251 nos
765 2189 876 2253 Caesar
893 2194 1017 2253 dictator
1039 2212 1129 2253 annos

122 2279 159 2338 ad
175 2276 246 2338 solis
263 2294 376 2337 cursum
393 2276 530 2354 redigens
553 2277 684 2353 singulos
706 2278 850 2352 Sosigene
871 2278 965 2354 perito
990 2279 1129 2336 scientiae

86 2363 187 2422 ateius
203 2360 342 2424 adhibito.
374 2369 403 2420 et
419 2378 453 2420 ea
468 2363 532 2438 ipsa
549 2361 622 2420 ratio
646 2370 751 2438 postca
773 2369 915 2438 conperto
941 2377 1042 2419 errore
1066 2376 1129 2418 cor·

122 2455 205 2506 recta
220 2454 266 2504 est
281 2446 319 2504 ita
337 2455 368 2504 ut
382 2458 434 2506 ΧΠ
455 2446 535 2505 annis
557 2445 699 2503 continuis
720 2462 777 2504 non
799 2444 1037 2521 intercalaretur,
1064 2444 1131 2519 quia

124 2537 265 2606 coeperat
279 2528 375 2588 sidera
391 2547 480 2587 annus
491 2530 597 2588 morari
611 2529 658 2605 qui
670 2530 749 2606 prius
761 2526 965 2587 antecedebat.
994 2536 1023 2585 et
1032 2527 1172 2590 Sosi-212

123 2629 215 2689 genes
234 2612 299 2688 ipse
312 2613 393 2670 trinis
406 2611 704 2692 commentationibus,
721 2629 890 2690 quamquam
903 2610 1069 2687 diligentior
1081 2629 1128 2670 ce·

122 2695 205 2770 teris,
221 2711 279 2753 non
295 2696 421 2755 cessavit
437 2704 532 2755 tamen
551 2695 721 2755 addubitare
745 2697 808 2774 ipse
828 2703 922 2754 semet
943 2695 1129 2771 corrigendo.

87 2795 114 2836 ao
124 2786 260 2838 auctores
275 2777 432 2854 prodidere
449 2796 484 2838 ea
500 2796 573 2859 quos
590 2780 806 2857 praetexuimus
820 2779 957 2839 volumini
972 2778 1050 2852 huic,
1062 2796 1129 2837 raro

122 2861 209 2921 ullius
227 2863 370 2921 sententia
386 2880 450 2921 cum
465 2863 524 2924 alio
545 2873 734 2940 congruente.
773 2865 864 2923 minus
881 2864 939 2923 hoc
960 2865 988 2920 in
1008 2862 1128 2940 reliquis

122 2947 233 3020 mirum,
250 2962 325 3022 quos
340 2945 448 3004 diversi
466 2948 670 3007 excusaverint
688 2956 808 3007 tractus.
842 2965 941 3008 eorum
962 2947 1010 3024 qui
1031 2947 1059 3003 in
1081 2963 1128 3004 ea·

123 3030 189 3090 dem
208 3030 331 3105 regione
354 3027 522 3103 dissedere,
547 3048 630 3090 unam
652 3031 824 3091 discordiam
846 3047 985 3108 ponemus
1003 3029 1129 3108 exempli

123 3113 230 3191 gratia:
254 3130 390 3172 occasum
401 3113 564 3171 matutinum
575 3115 762 3189 vergiliarum
772 3113 918 3174 Hesiodus
929 3148 971 3159 —
987 3131 1051 3172 nam
1063 3114 1112 3173 hu·
1119 3123 1172 3176 213

89 3211 114 3253 ar
123 3197 167 3256 ins
180 3198 418 3276 quoquenomine
427 3204 522 3255 exstat
534 3197 860 3273 astrologia-tradidit
871 3199 946 3274 fieri,
957 3215 1020 3258 cum
1030 3198 1128 3275 aequi·

124 3283 250 3340 noctium
261 3282 385 3340 autumni
396 3279 601 3354 conficeretur,
611 3279 717 3340 Thales
725 3295 806 3341 xxv.
820 3283 866 3343 die
880 3281 916 3341 ab
931 3281 1128 3360 aequinoctio,

125 3361 340 3424 Anaximander
362 3377 477 3438 xxm,
496 3362 656 3423 Euctemon
672 3379 791 3425 xnvm.
826 3383 881 3425 nos
895 3367 1042 3442 sequimur
1059 3363 1110 3422 ob·
1119 3373 1171 3426 214

126 3448 321 3507 servationem
337 3445 473 3508 Caesaris
491 3464 639 3525 maxume,
654 3448 729 3509 haec
748 3450 804 3508 erit
818 3447 926 3508 ltaliae
935 3449 1031 3504 νῶι.
1056 3447 1141 3499 time-

168 3550 236 3587 rnrn.
248 3551 310 3588 nnr.
323 3552 393 3592 nrsr,
406 3535 452 3593 lll.
965 3526 993 3580 (ὅ
