2422 3840
340 207 420 252 unu.
430 205 520 254 uma.
533 207 620 255 xxu.
633 204 754 259 nn—aa.
772 195 924 272 (eo-49.)
1074 193 1140 256 285

136 361 238 420 liorum
260 359 295 418 ad
318 358 481 436 purgandas
505 358 606 417 volvas
627 360 840 438 pellendosque
863 369 1010 420 emortuos
1033 370 1141 438 partus.

136 444 313 502 decocuntur
327 444 354 501 in
372 443 438 501 vino
453 441 520 500 albo
542 450 571 500 et
585 443 722 522 odorato,
739 454 769 503 ut
790 443 904 503 bibatur
921 461 1054 503 mensura
1075 462 1141 504 ace·

135 525 224 597 tabuli
248 543 264 585 a
285 525 418 586 balineis.
448 525 529 584 radix
553 526 673 602 prodest
694 528 808 586 arteriis
826 529 1026 604 exasperatis,
1050 527 1141 586 colle-

136 609 276 668 ctionibus
296 609 442 686 sanguinis
458 608 597 684 inlinitur,
624 609 677 670 sed
694 611 722 669 in
743 609 815 669 cibis
831 613 1020 687 concoquitur
1042 629 1141 688 aegre.

112 693 295 754 sinllationes
316 692 385 752 lacit
408 701 437 751 et
453 700 566 769 ructus,
589 694 687 752 urinae
708 710 825 770 quoque
848 695 950 766 noxia,
979 695 1141 770 suggillatis

135 794 198 836 cum
218 779 283 835 vino
308 786 337 835 et
359 775 426 835 oleo
449 777 619 835 amicissima
637 785 666 835 et
681 795 744 835 cum
760 793 827 835 cera
847 777 971 838 strumis.
1001 795 1142 837 verrucae

134 860 213 919 sedis
229 859 376 919 crebriore
392 861 454 918 eius
469 859 566 918 suffitu
585 860 697 919 cadunt.

198 942 281 1022 (49.)
304 943 393 1003 haser
409 942 542 1020 esilphio
562 942 709 1021 profluens
727 959 784 1019 quo
802 941 923 1002 diximus
942 941 1028 1000 modu
1052 941 1182 1005 interlol

134 1028 238 1085 eximia
251 1036 368 1087 naturae
382 1025 457 1086 dona
468 1035 644 1087 numeratum
656 1026 795 1105 plurumis
807 1024 1056 1103 conpositionibus
1070 1026 1111 1083 in·
1120 1024 1147 1066 ¹⁹·
1161 1023 1184 1058 ⁴⁸

101 1113 125 1153 ¹⁰
136 1112 256 1186 seritur,
278 1128 332 1188 per
355 1129 388 1170 se
409 1119 503 1169 autern
525 1110 643 1186 algores
665 1109 835 1186 excalfacit,
867 1118 964 1187 potum
986 1125 1140 1167 nervorum

134 1195 202 1253 vitia
224 1202 368 1253 extenuat.
400 1194 512 1253 feminis
537 1193 620 1252 datur
641 1196 669 1252 in
688 1196 770 1270 vino,
793 1203 822 1253 et
844 1193 916 1253 lanis
932 1193 1068 1253 mollibus
1092 1192 1141 1251 ad·

134 1285 264 1337 movetur
285 1277 389 1337 volvae
412 1277 447 1336 ad
469 1286 584 1334 menses
605 1277 735 1337 ciendos.
771 1278 874 1356 pedum
896 1278 995 1338 clavos
1022 1277 1140 1336 circum·

135 1359 317 1436 scariphatos
333 1360 410 1419 ferro
427 1360 543 1418 mixtum
559 1376 646 1418 cerae
669 1361 803 1420 extrahit.
835 1362 944 1419 urinam
963 1362 1020 1419 ciet
1036 1360 1141 1420 ciceris

134 1442 329 1518 magnitudine
353 1443 479 1501 dilutum.
509 1443 643 1502 Andreas
666 1443 791 1522 spondet
812 1444 961 1520 copiosius
978 1452 1119 1520 sumptum
1132 1449 1184 1504 toa

101 1532 125 1573 ¹⁶
135 1544 189 1584 nec
207 1525 368 1586 inflationes
384 1525 484 1585 iacere
501 1535 529 1584 et
548 1528 731 1587 concoctioni
743 1526 901 1605 plurumum
914 1526 1048 1586 conferre
1065 1525 1140 1584 seni·
1184 1597 1187 1602 Ι

134 1609 187 1668 bus
200 1617 229 1668 et
240 1608 369 1684 leminis,
386 1609 452 1668 item
468 1608 563 1669 hieme
576 1627 660 1687 quarn
671 1618 782 1670 aestate
794 1609 908 1685 utilius,
927 1619 956 1669 et
968 1620 1025 1669 tum
1038 1626 1140 1686 aquam

134 1691 306 1752 bibentibus.
334 1693 490 1752 cavendum
506 1711 542 1752 ne
559 1711 615 1771 qua
630 1694 667 1752 sit
678 1693 856 1752 exulceratio
873 1695 957 1752 intus.
984 1692 1029 1751 Ab
1045 1693 1140 1770 aegri·

134 1777 231 1836 tudine
256 1777 430 1835 recreationi
461 1776 567 1836 eilicax
587 1777 616 1853 in
640 1775 721 1852 cibo,
748 1778 922 1854 tempestive
950 1777 1023 1835 enirn
1046 1776 1140 1836 datum

135 1860 243 1919 canteri
260 1860 316 1918 vim
335 1862 460 1938 optinet,
479 1860 607 1920 adsuetis
629 1861 712 1918 etiam
733 1860 829 1918 utilius
852 1877 936 1936 quam
960 1859 1139 1938 expertibus.

98 1942 242 2003 sources-a
263 1960 417 2021 corporum
443 1943 615 2004 indubitatas
638 1941 841 2002 confessiones
862 1943 979 2003 habent.
1007 1947 1183 2002 venena103

133 2027 256 2086 telorum
274 2036 302 2085 et
315 2028 491 2105 serpentium
508 2028 663 2103 exstinguit
685 2037 791 2105 potum.
828 2046 866 2087 ex
882 2046 955 2106 aqua
971 2025 1139 2086 volneribus

133 2108 177 2168 his
192 2109 406 2184 circumlinitur,
423 2112 608 2187 scorpionum
620 2119 726 2168 tantum
736 2111 831 2187 plagis
844 2129 882 2169 ex
897 2111 976 2186 oleo,
993 2109 1139 2170 ulceribus

134 2208 204 2250 vero
220 2209 277 2250 non
289 2191 548 2251 maturescentibus
565 2211 627 2252 cum
639 2192 729 2252 iarioa
742 2192 906 2252 hordeacea
919 2193 967 2253 vol
979 2192 1035 2252 lico
1051 2195 1140 2267 sicca,

134 2274 316 2334 carbunculis
336 2293 398 2335 cunr
414 2285 476 2335 ruta
496 2276 544 2335 vel
563 2294 626 2336 curn
641 2276 728 2335 melle
744 2275 793 2334 vel
814 2293 868 2354 per
885 2294 919 2334 se
940 2277 1021 2334 visco
1038 2292 1139 2352 super·

97 2372 123 2411 2⁵
132 2358 211 2418 litum
228 2367 258 2418 ut
273 2358 402 2419 haereat.
420 2361 462 2418 sic
477 2369 505 2418 et
520 2361 555 2419 ad
568 2362 647 2420 canis
658 2376 780 2418 morsus.
810 2358 1049 2419 excrescentibus
1063 2359 1140 2417 circa

132 2443 232 2502 sedem
252 2460 316 2502 curu
339 2444 465 2520 tegmine
487 2444 583 2521 punici
604 2443 670 2502 mali
689 2460 726 2502 ex
749 2450 833 2502 aceto
857 2442 1023 2515 decoctum,
1048 2440 1139 2501 clavis

133 2526 180 2603 qui
194 2526 283 2602 volgo
299 2527 440 2586 morticini
455 2527 637 2605 appellantur
657 2527 732 2584 nitro
750 2526 848 2585 mixto.
880 2525 1027 2603 alopecias
1043 2525 1117 2583 nitro
1131 2533 1183 2586 104

133 2617 198 2668 ante
216 2609 352 2670 subactas
365 2610 462 2688 replet
479 2628 541 2669 cum
556 2612 623 2670 vino
640 2618 670 2669 et
686 2625 775 2668 croco
790 2617 837 2668 aut
853 2609 955 2687 pipere
972 2626 1007 2668 ac
1020 2608 1139 2666 murium

132 2691 199 2751 limo
220 2700 248 2750 et
268 2701 362 2752 aceto.
395 2695 552 2770 perniones
575 2712 612 2753 ex
633 2694 698 2752 vino
721 2691 803 2751 iovet
828 2702 857 2751 et
879 2710 916 2751 ex
939 2691 1006 2753 oleo
1025 2700 1139 2751 coctum

97 2794 123 2836 cc
134 2776 294 2852 inponitur,
315 2777 358 2835 sic
381 2785 410 2835 et
430 2776 516 2836 callo.
549 2776 638 2836 clavis
661 2775 766 2852 pedum
782 2777 945 2853 superrasis
964 2776 1138 2856 praecipuae

133 2858 270 2918 utilitatis.
305 2868 405 2919 contra
420 2877 507 2938 aquas
523 2858 628 2934 malas,
652 2859 814 2937 pestilentis
826 2867 935 2919 tractus
950 2859 998 2918 vel
1016 2857 1094 2930 dies,
1111 2857 1139 2915 in

132 2942 218 3016 tussi,
241 2961 312 3018 uva,
333 2942 411 3001 fellis
433 2944 524 3002 veteri
546 2943 731 3016 subfusione,
752 2940 919 3021 hydropisi,
941 2939 1138 3016 raucitatibus,

133 3024 285 3086 confestim
301 3027 375 3085 enim
394 3035 497 3103 purgat
519 3025 610 3086 laucis
632 3042 794 3102 vocemque
815 3025 919 3085 reddit.
950 3023 1097 3103 podagras
1111 3025 1138 3082 in

132 3126 265 3187 spongea
280 3108 396 3168 dilutum
415 3126 505 3186 posca
520 3108 600 3169 lenit.
630 3109 789 3186 pleuriticis
805 3110 833 3167 in
848 3108 1008 3169 sorbitione
1024 3108 1117 3167 uinum
1132 3115 1179 3170 tos

96 3209 123 3250 ss
132 3195 243 3271 poturis
260 3192 357 3268 datur,
381 3193 643 3267 contractionibus,
666 3191 888 3270 opisthotonicis
910 3193 1014 3253 ciceris
1031 3191 1136 3267 magni·

132 3277 229 3336 tudine
245 3294 313 3336 cera
329 3276 526 3336 circumlitum.
557 3278 586 3336 in
605 3277 709 3352 angina
723 3278 931 3354 gargarizatur.
965 3274 1137 3337 anhelatori-

133 3357 185 3418 bus
206 3369 236 3419 et
257 3361 286 3419 in
307 3361 378 3420 tussi
398 3368 512 3420 vetusta
532 3379 595 3420 cum
611 3378 700 3439 porro
717 3379 755 3419 ex
769 3370 853 3421 aceto
871 3362 966 3437 datur,
988 3377 1081 3437 aeque
1100 3376 1138 3417 ex

133 3450 218 3502 aceto
231 3442 275 3504 his
292 3446 339 3522 qui
355 3444 508 3521 coagulum
520 3445 603 3504 lactis
614 3444 786 3504 sorbuerint.
812 3442 1147 3524 praecordiorumx'xu'x'xs
