2422 3840
339 211 419 258 nna.
441 209 531 258 msa.
552 208 623 257 xm.
646 205 767 260 εει-ιι.
781 193 930 278 (ar-47.)
1085 195 1122 258 21

130 366 210 426 abies
227 364 316 423 dores
336 365 416 424 croci
438 363 539 422 colore
559 365 636 423 circa
651 363 818 438 solstitium,
837 379 936 421 semen
950 363 1044 422 reddit
1057 372 1125 440 post

129 447 314 525 vergiliarum
328 464 475 507 occasum.
502 447 586 524 pinus
601 455 695 506 autem
710 455 740 505 et
753 447 838 523 picea
854 447 1041 523 praeveniunt
1056 465 1123 524 ger·

129 533 283 592 minatione
302 531 463 610 quindecim
478 531 542 590 iore
556 529 675 605 diebus,
697 547 796 589 semen
817 546 888 588 vero
907 538 974 608 post
987 530 1124 606 vergilias

131 626 159 676 et
175 616 257 693 ipsae
272 616 402 675 reddunt.

108 712 121 750 t
195 699 278 778 (44.)
308 696 424 758 Gitreae
447 705 475 757 et
496 697 634 776 iunipirus
656 705 685 755 et
704 695 765 755 ilex
786 696 932 755 anniferae
951 695 1101 771 habentur,
1116 707 1166 760 107

129 798 281 860 novosque
303 783 412 841 iructus
433 781 462 840 in
484 781 527 840 his
550 798 613 839 cum
633 779 768 840 annotino
791 778 908 857 pendet.
944 781 973 838 in
995 797 1125 839 maxuma

129 876 224 926 tamen
239 864 423 925 admiratione
439 866 522 942 pinus
540 874 594 924 εει.
627 863 714 924 habet
734 862 856 922 irucmm
871 871 1123 937 maturescentem,

129 949 217 1010 lrabet
243 964 384 1027 proxumo
410 965 483 1008 anno
511 948 547 1007 ad
571 948 761 1007 maturitatem
786 955 937 1005 venturum
959 965 993 1006 ac
1020 945 1124 1005 deinde

129 1034 226 1092 tertio.
261 1049 316 1091 nec
332 1031 394 1090 ‘ulla
415 1031 550 1091 arborum
571 1031 679 1090 avidius
707 1049 740 1090 se
762 1031 909 1108 promittit.
945 1046 1003 1108 quo
1025 1045 1123 1088 mense

97 1134 169 1176 roex
190 1133 224 1176 ea
244 1134 301 1174 nux
321 1114 487 1192 decerpitur
509 1114 613 1174 eodem
628 1115 793 1173 maturescit
815 1113 881 1172 alia.
913 1114 955 1172 sic
976 1114 1123 1190 dispeusa-

131 1207 176 1259 tur
191 1207 221 1258 ut
236 1198 313 1258 nullo
329 1216 386 1258 non
401 1215 499 1256 mense
515 1206 714 1258 maturescant.
744 1214 819 1274 quae
841 1214 874 1255 εε
897 1198 925 1255 in
940 1196 1047 1255 arbore
1061 1197 1125 1273 ipsa

131 1281 257 1341 divisere
282 1283 396 1341 ananiae
423 1289 578 1354 vocantur,
611 1280 783 1358 laeduntque
813 1288 927 1339 ceteras
954 1281 1008 1339 nisi
1030 1278 1125 1338 detra·

131 1365 243 1424 hantur.

195 1448 278 1525 (45.)
305 1445 438 1506 Fructum
456 1445 589 1505 arborum
605 1445 686 1504 solae
704 1446 811 1505 nullum
824 1446 928 1521 lerunt,
941 1445 999 1505 hoe
1012 1454 1056 1504 est
1070 1462 1106 1504 ne
1116 1453 1166 1507 108

96 1551 121 1592 ru
132 1547 231 1589 semen
243 1530 366 1606 quidem,
376 1529 494 1587 tamarix
510 1528 607 1604 scopia
621 1535 727 1586 tantum
742 1546 875 1603 nascens,
887 1528 1021 1605 populus,
1031 1526 1123 1601 alnus,

130 1613 223 1671 almus
242 1610 347 1684 Atinia,
363 1611 518 1684 alatemus‚
535 1610 580 1668 cui
592 1609 662 1668 iolia
674 1611 748 1668 inter
760 1610 855 1669 ilicem
871 1618 900 1668 et
910 1610 1024 1669 olivam.
1052 1610 1123 1669 inie-

131 1695 204 1754 lices
220 1702 312 1752 autem
328 1694 523 1752 existimantur
540 1693 747 1770 damnataeque
766 1693 909 1770 religione
933 1711 1006 1769 quae
1029 1711 1123 1771 neque

131 1786 262 1836 seruntur
283 1794 414 1854 umquam
435 1793 530 1854 neque
550 1776 672 1835 fructum
694 1776 799 1835 lerunt.
842 1774 1003 1836 Cremutius
1024 1786 1124 1836 auctor

131 1869 176 1919 est
190 1869 340 1937 numquam
355 1859 450 1918 virere
472 1858 604 1919 arborem
626 1877 664 1918 ex
680 1876 736 1938 qua
750 1858 859 1932 Phyllis
880 1878 912 1919 se
928 1861 1123 1938 suspenderit.

95 1959 121 2000 ro
130 1943 211 2014 Quae
224 1944 352 2002 cummim
365 1944 483 2019 gignunt
498 1951 565 2020 post
575 1943 811 2019 germinationem
823 1943 998 2020 aperiuntur,
1008 1945 1123 2004 cummis

130 2042 186 2083 non
201 2027 254 2085 nisi
269 2025 363 2084 lructu
378 2026 509 2085 detracto
527 2027 676 2102 spissatur.

191 2108 275 2185 (46.)
297 2106 440 2167 Novellae
456 2106 576 2166 arbores
592 2117 692 2168 carent
706 2109 799 2168 iructu
814 2109 946 2185 quamdiu
959 2117 1101 2168 crescunt.
1116 2117 1166 2170 109

129 2189 252 2267 perdunt
268 2189 405 2248 iacillime
420 2199 486 2249 ante
507 2191 695 2250 maturitatem
716 2190 828 2268 palma,
852 2191 940 2268 licus,
962 2191 1122 2267 amygdala,

129 2271 230 2345 malus,
248 2272 337 2349 pirus,
354 2273 422 2331 item
437 2272 551 2351 punica,
566 2289 639 2349 quae
660 2275 744 2333 etiam
760 2273 874 2333 roribus
890 2274 980 2332 nimiis
1004 2283 1033 2331 et
1049 2273 1123 2349 prui-

92 2356 173 2414 aunis
190 2353 291 2414 doram
312 2356 420 2414 amittit.
461 2373 516 2434 qua
534 2354 570 2414 de
589 2373 676 2415 causa
697 2356 844 2416 inflectunt
865 2372 960 2415 ramos
982 2357 1059 2428 eius,
1086 2371 1123 2412 ne

129 2437 256 2496 subrecti
271 2456 398 2498 umorem
414 2439 547 2498 infestum
567 2441 711 2517 excipiant
731 2449 817 2516 atque
839 2439 1011 2499 contineant.
1044 2439 1123 2514 pirus

129 2529 158 2579 et
177 2521 344 2597 amygdala,
367 2524 554 2582 etiamsinon
577 2523 673 2600 pluat,
696 2522 750 2583 sed
773 2523 822 2582 liat
841 2524 995 2582 austrinum
1011 2521 1123 2581 eaelum

128 2611 176 2661 aut
190 2602 332 2679 nubilum,
352 2608 479 2665 amittunt
493 2605 595 2664 dorem
617 2614 646 2664 ει
661 2607 768 2684 primos
781 2605 906 2682 fructus,
930 2607 971 2679 si,
993 2623 1056 2665 oum
1073 2604 1121 2663 de·

129 2683 304 2761 defloruere,
321 2687 395 2746 tales
410 2687 471 2748 dies
488 2689 601 2748 inerint.
636 2689 770 2749 ocissime
790 2697 885 2749 autern
906 2689 982 2748 salix
1004 2690 1164 2751 amittitllo

92 2785 118 2825 ao
129 2784 238 2841 semen,
254 2776 404 2849 antequam
418 2772 531 2831 omnino
549 2774 737 2832 maturitatem
755 2773 869 2848 sentiat,
885 2771 923 2830 ob
935 2773 963 2832 id
978 2771 1053 2831 dicta
1064 2770 1120 2830 llo·

128 2869 209 2910 mero
225 2850 412 2928 frugiperdia
443 2864 543 2914 secuta
559 2863 639 2916 aetas
659 2855 774 2915 scelere
796 2873 848 2915 suo
870 2856 1057 2931 interpretata
1077 2864 1122 2914 est

128 2934 202 2993 hanc
216 2936 394 3010 sententiam,
409 2938 522 3013 quando
539 2956 637 2998 semen
652 2938 750 2998 salicis
764 2939 875 2998 mulieri
888 2938 1047 3003 sterilitatis
1063 2955 1120 2996 me·

129 3016 318 3077 dicamentum
344 3035 411 3077 esse
438 3030 559 3080 constat.
604 3022 657 3081 sed
684 3022 712 3080 in
737 3021 793 3081 lroc
822 3038 937 3098 quoque
964 3021 1120 3097 providens

127 3109 227 3159 natura
251 3100 338 3160 iaoile
361 3105 490 3162 nascenti
511 3112 540 3162 et
559 3104 682 3182 depacto
702 3104 818 3164 surculo
834 3105 1006 3164 incuriosius
1022 3123 1120 3164 semen

90 3182 213 3243 erdedit.
244 3202 298 3244 una
315 3194 410 3245 tamen
430 3186 558 3263 proditur
581 3187 617 3246 ad
638 3189 825 3247 maturitatem
845 3187 979 3265 perferre
994 3188 1078 3248 solita
1092 3189 1119 3246 in

126 3263 213 3325 Creta
228 3266 318 3328 insula
334 3270 399 3346 ipso
415 3269 558 3328 descensu
574 3269 652 3329 loris
668 3271 825 3349 speluncae
846 3280 958 3331 torvom
981 3271 1118 3346 lignenm·

125 3365 181 3425 que
198 3350 390 3426 magnitudine
408 3352 523 3411 ciceris.

187 3431 284 3517 (47.)
298 3432 381 3494 Fiunt
396 3453 467 3495 vero
480 3435 619 3513 quaedam
633 3437 692 3498 loci
706 3439 776 3498 vitio
788 3436 976 3511 infructuosa,
989 3436 1063 3494 sicut
1074 3434 1102 3492 in
1111 3445 1157 3496 ill
