2422 3840
344 233 424 279 unu.
442 229 532 278 mar.
549 229 620 276 xvr.
638 225 755 279 18-24.
774 211 919 296 (31-37.)
1082 216 1121 277 17

86 383 89 389 ’
127 388 171 448 his
189 402 307 464 quarum
319 385 453 463 pinguior
469 400 555 442 sucus
571 383 615 441 sit.
645 383 707 460 quis
720 383 793 441 enim
809 389 907 460 potest
920 382 949 441 in
959 381 1026 440 ilice
1039 381 1121 440 intel·

128 466 252 547 legere?
283 468 429 527 Decidere
449 466 582 526 'l’imaeus
608 465 824 524 mathematicus
848 463 913 523 sole
936 465 1121 542 scorpionem

127 561 294 612 transeunte
305 551 409 610 sideris
424 549 453 607 vi
471 559 499 609 et
515 548 637 625 quodam
651 564 765 608 veneno
778 549 854 607 aeris
870 556 958 626 putat.
982 566 1034 607 cur
1049 563 1120 623 ergo

127 652 185 695 non
206 635 306 694 eadem
331 651 417 693 causa
447 632 599 691 adversum
622 632 712 690 omnis
738 628 865 708 polleat,
890 632 952 689 iure
974 631 1118 690 miremur.

104 717 238 783 sGaduut
261 716 398 795 plurumis
419 724 568 788 autumno,
591 714 730 792 quaedam
752 713 860 772 tardius
885 714 1011 773 amittunt
1035 723 1120 792 atque
1129 722 1163 776 83

126 803 154 860 iu
171 801 282 860 hiemes
297 806 457 877 prorogant
473 814 583 870 moras,
604 814 700 875 neque
721 798 842 854 interest
860 798 996 855 maturius
1016 799 1119 873 germi-

125 901 224 959 nasse,
240 891 341 960 utpote
357 899 420 940 cum
437 880 577 960 quaedam
594 881 704 957 primae
719 879 879 956 germinent
895 881 1012 938 et·inter
1025 880 1119 938 novis·

126 969 214 1026 simas
228 966 378 1040 nudentur,
394 972 424 1023 ut
438 962 617 1040 amygdalae,
633 963 748 1038 fraxini,
764 961 873 1022 sabuci.
916 978 1012 1021 morus
1028 971 1121 1022 autem

126 1051 280 1108 novissima
295 1049 451 1126 germinat,
476 1065 539 1106 cum
559 1047 657 1124 primis
675 1047 746 1106 lolia
762 1046 882 1106 dimittit.
917 1044 1020 1122 blagna
1043 1054 1072 1105 et
1091 1046 1163 1109 inus

90 1151 116 1193 ro
127 1133 184 1192 hoc
200 1134 244 1191 vis
258 1133 324 1192 soli.
354 1133 433 1208 prius
452 1130 587 1190 decidunt
601 1131 630 1188 in
645 1131 731 1190 siccis
747 1130 926 1207 muccisque,
944 1138 972 1188 et
986 1138 1119 1205 vetustae

126 1216 205 1295 prius
220 1215 332 1289 arbori,
353 1214 449 1273 multis
471 1215 557 1273 etiam
579 1221 730 1292 antequam
752 1221 925 1273 maturescat
944 1213 1068 1288 iructus,
1091 1221 1121 1271 ut

126 1300 271 1359 serotinae
285 1299 340 1357 lico
356 1306 385 1357 et
399 1296 537 1356 hibernae
551 1298 638 1373 piro,
661 1306 689 1356 et
711 1296 787 1356 malo
808 1306 955 1372 grauatum
976 1296 1053 1374 quod
1076 1305 1122 1355 est

127 1397 240 1459 pomum
261 1389 367 1440 tantum
388 1380 544 1457 adspicitur
566 1381 594 1438 in
614 1389 714 1438 matre.
744 1378 847 1456 Neque
868 1379 913 1438 his
932 1388 1025 1438 autem
1047 1396 1120 1457 quae

126 1481 242 1541 semper
257 1465 381 1522 retinent
396 1479 493 1522 comas
508 1462 609 1521 eadem
624 1461 693 1521 lolia
711 1463 828 1537 durant,
855 1462 907 1520 sed
923 1463 1119 1521 subnascenti-

89 1547 181 1606 1tbus
208 1547 270 1605 aliis
294 1554 351 1604 tum
376 1553 511 1603 arescunt
533 1553 649 1618 vetera,
677 1543 754 1621 quod
776 1545 873 1603 evenit
898 1545 975 1603 circa
997 1543 1121 1603 solstitia

124 1645 267 1688 maxume.

191 1711 274 1790 (35.)
303 1704 449 1768 Foliorum
467 1709 560 1768 unitas
580 1710 607 1767 in
628 1726 681 1769 suo
704 1711 807 1787 cuique
830 1726 939 1786 genere
960 1719 1119 1787 permanet,
1128 1688 1172 1775 85⁸

124 1802 328 1872 praeterquam
342 1791 461 1870 populo,
476 1791 615 1869 hederae,
632 1794 754 1870 crotoni,
765 1810 848 1871 quam
866 1802 894 1853 et
911 1794 966 1852 cici
977 1792 1099 1852 diximus
1110 1818 1162 1860 aas

125 1878 234 1935 vocari.
263 1876 312 1940 23.
330 1874 432 1954 Populi
445 1877 498 1935 tria
513 1891 638 1952 genera:
658 1876 723 1936 alba
737 1894 771 1936 ac
787 1878 868 1954 nigra
887 1885 915 1936 et
930 1894 1004 1953 quae
1013 1875 1120 1952 libyca

88 1983 117 2024 ρο
127 1959 290 2036 appellatur
304 1961 425 2018 minuma
440 1958 512 2018 iolio
529 1977 563 2018 ao
577 1961 730 2036 nigerrima
748 1961 902 2040 fungisque
917 1960 1120 2028 enascentibus

126 2042 329 2101 laudatissima.
359 2042 425 2101 alba
440 2041 512 2101 lolio
526 2040 650 2117 bicolor,
672 2061 798 2121 superne
815 2043 967 2102 candicans
982 2044 1162 2110 inferioretit

126 2134 208 2202 parte
236 2124 329 2182 viridi.
372 2123 439 2181 huic
465 2125 624 2201 nigraeque
652 2133 681 2183 et
706 2128 818 2184 crotoni
842 2129 870 2185 in
897 2128 1012 2186 iuventa
1038 2128 1119 2187 circi-

125 2216 211 2265 natae
226 2205 408 2264 rotunditatis
423 2215 503 2280 sunt,
518 2207 676 2265 vetustiora
689 2208 718 2265 in
735 2208 856 2283 angulos
874 2217 990 2267 exeunt.
1019 2227 1035 2266 e
1052 2227 1119 2269 con·

124 2288 214 2348 trario
231 2287 360 2346 hederae
376 2287 515 2364 angulosa
531 2289 727 2348 rotundautur.
760 2291 931 2368 populorum
947 2290 1024 2350 loliis
1036 2309 1119 2367 grau·

85 2372 242 2432 nudissima
264 2371 368 2447 lanugo
393 2371 490 2431 evolat
512 2372 631 2431 candida
656 2381 684 2431 et
704 2372 829 2448 radiata,
852 2372 901 2431 iilo
921 2376 1119 2432 numerosiore

126 2455 266 2513 candidae
281 2455 349 2514 liunt
363 2455 460 2514 villae.
491 2452 573 2514 Folia
588 2457 716 2532 grauatis
729 2464 758 2515 et
771 2455 930 2533 amygdalis
945 2455 1084 2516 rubentia.

188 2537 271 2616 (36.)
299 2536 399 2597 Mirum
415 2540 443 2597 in
458 2540 556 2616 primis
572 2540 600 2598 id
617 2539 694 2617 quod
709 2539 784 2599 ulmo
799 2541 935 2618 tiliaeque
950 2548 979 2598 et
992 2539 1076 2602 oleae
1091 2551 1120 2602 et
1127 2551 1159 2606 at

124 2620 234 2697 populo
250 2620 334 2678 albae
354 2630 382 2680 et
391 2621 473 2681 salici
481 2623 587 2681 evenit.
609 2624 840 2700 circumaguntur
853 2625 927 2682 enim
939 2623 1008 2684 lolia
1022 2643 1118 2685 earum

123 2709 193 2781 post
208 2701 376 2779 solstitium,
392 2723 447 2763 nec
464 2705 521 2766 alio
536 2715 704 2783 argumento
721 2709 828 2767 certius
845 2707 1023 2784 intellegitur
1040 2709 1119 2768 sidus

84 2806 113 2848 ao
125 2783 296 2845 coniectum.
326 2785 374 2846 24.
390 2786 443 2847 Est
455 2797 484 2847 et
495 2791 612 2867 publica
627 2792 748 2850 omnium
761 2791 895 2852 ioliorum
910 2792 938 2850 in
954 2792 1024 2869 ipsis
1038 2792 1117 2852 dilie-
1126 2802 1161 2856 88

121 2870 222 2928 nentia.
246 2885 367 2947 namque
382 2887 451 2948 pars
464 2873 585 2933 inferior
599 2891 615 2933 a
630 2882 707 2934 terra
721 2874 842 2934 herbido
860 2876 935 2934 viret
952 2874 1063 2951 colore,
1081 2876 1118 2936 ab

123 2952 225 3011 eadem
240 2952 351 3012 leviora
365 2971 472 3015 nervos
487 2956 649 3036 callumque
666 2966 696 3017 et
709 2958 846 3018 articulos
858 2960 886 3017 in
902 2959 1053 3036 superiore
1067 2960 1115 3020 ha·

122 3035 192 3094 bent
209 3044 308 3113 parte,
324 3037 464 3096 incisuras
482 3056 554 3097 vero
573 3039 690 3116 subter,
707 3049 738 3100 ut
755 3058 853 3100 manus
870 3041 999 3101 humana.
1025 3041 1116 3104 Oleae

123 3135 249 3195 superne
265 3120 430 3180 candidiora
443 3129 472 3180 et
481 3122 571 3181 minus
584 3123 671 3200 levia,
684 3125 751 3184 item
768 3125 906 3184 hederae.
928 3124 981 3184 sed
994 3130 1116 3188 omnium

85 3224 113 3266 ss
122 3200 193 3260 lolia
215 3202 320 3262 cotidie
348 3204 383 3263 ad
406 3205 499 3264 solem
523 3207 662 3283 oscitant,
691 3207 844 3268 inferiores
868 3209 958 3286 partis
982 3213 1116 3288 tepeiieri

119 3283 256 3344 volentia.
296 3287 430 3364 superior
453 3306 521 3367 pars
543 3291 666 3349 omnium
689 3291 851 3368 lanuginem
874 3293 1114 3369 quantulamcum-

120 3383 175 3443 que
194 3367 291 3443 habet,
310 3372 428 3447 quaein
444 3372 507 3431 aliis
521 3374 649 3449 gentium
665 3374 729 3434 lana
746 3384 799 3434 est.

183 3449 267 3528 (37.)
295 3450 326 3510 lu
345 3455 456 3514 oriente
471 3456 546 3515 lunis
561 3457 672 3517 validos
686 3477 702 3518 e
717 3457 796 3518 foliis
808 3457 921 3536 palmae
936 3458 999 3517 lieri
1009 3457 1157 3523 dictum89

159 3542 442 3597 rnru.uxr.u1sr.lll.
810 3568 821 3592 .·
934 3541 957 3599 2
