2422 3840
137 189 176 250 94
483 199 512 246 c.
528 199 625 246 rcum
640 197 790 246 succum

139 362 194 413 est.
228 363 314 431 atque
332 370 395 411 oum
411 352 516 411 arhore
533 361 674 411 exacuant
691 351 848 430 limentque
866 368 973 411 cornua
989 351 1137 430 elephanti

140 446 169 496 et
185 438 239 511 nri,
257 451 329 495 saro
341 435 554 509 rhinocerotes,
570 442 695 512 utroque
711 434 773 513 apri
786 435 911 494 dentium
927 436 1013 510 sicas,
1030 437 1137 494 sciant·

140 538 196 597 que
213 520 249 579 ad
266 517 427 578 nocendum
443 535 619 596 praeparare
634 536 667 576 se
682 518 822 593 animalia,
840 518 917 597 quod
929 527 1025 577 tamen
1037 534 1138 577 eorum

112 611 269 679 aercepto
292 602 406 661 homine
432 601 491 659 tela
513 618 564 660 sua
584 603 706 660 venenis
724 598 846 678 tinguit?
886 618 939 660 nos
962 610 992 660 et
1017 603 1137 678 sagittas

139 688 289 761 unguimus
304 701 339 743 aa
350 685 430 743 lerro
443 685 497 761 ipsi
509 686 659 742 nocentius
675 683 784 760 aliquid
795 685 904 760 damus,
918 701 971 744 nos
983 692 1011 742 et
1022 683 1162 745 huminan

139 768 278 826 inficimus
303 776 332 826 et
352 784 448 826 rerum
464 776 582 825 naturae
597 767 748 830 elementa.
781 768 874 846 ipsum
890 784 1006 846 quoque
1022 783 1080 845 quo
1095 769 1138 827 vi·

137 853 213 910 uitur
235 869 333 910 aerem
354 852 382 909 in
403 852 561 927 perniciem
583 852 729 909 vertimus.
775 868 870 928 neque
892 860 937 909 est
958 859 987 909 ut
1004 858 1138 929 putemus

138 935 266 1010 ignorari
283 952 317 992 ea
345 933 380 992 ab
403 933 587 1009 animalibus,
606 951 679 1011 qnae
698 933 812 1011 quidem
834 951 908 1011 quae
929 943 1139 1012 praepararent

140 1026 239 1076 contra
262 1016 438 1093 serpentium
461 1015 675 1091 dimicationes,
698 1034 773 1093 quae
788 1027 854 1095 post
869 1017 1012 1094 proelium
1029 1016 1065 1075 ad
1078 1034 1137 1076 me-

97 1099 172 1184 „'³»,⁸{,
186 1099 308 1158 dandum
331 1099 548 1175 excogitarent,
575 1099 770 1158 indicavimus.
809 1118 865 1158 neo
885 1100 921 1158 ah
940 1099 1001 1159 ullo
1020 1109 1172 1178 praeterio

111 1148 288 1242 ahominem
315 1198 429 1240 veneno
457 1191 598 1259 pugnatur
620 1182 724 1241 alieno.
767 1183 907 1242 fateamur
928 1199 1000 1258 ergo
1025 1182 1140 1260 culpam

140 1282 176 1322 ne
197 1265 241 1324 his
258 1265 373 1341 quidem
390 1281 464 1342 quae
486 1273 640 1324 nascuntur
655 1267 792 1341 contenti,
810 1267 916 1337 etenim
932 1274 1038 1343 quanto
1055 1265 1140 1343 plura

141 1365 239 1407 eornm
270 1366 380 1424 genera
406 1349 526 1407 humana
549 1366 633 1406 manu
654 1349 735 1408 liunt!
765 1346 855 1427 quid?
890 1365 948 1408 non
964 1357 993 1408 et
1016 1349 1139 1408 hominis

141 1431 255 1509 quidem
270 1449 286 1490 e
299 1440 393 1491 mente
403 1449 514 1490 venena
528 1429 702 1491 nascuntur?
714 1441 776 1491 atra
788 1451 841 1491 ceu
853 1433 1031 1510 serpentium
1042 1432 1139 1509 lingua

139 1513 232 1574 vibrat
255 1515 397 1593 tabesque
419 1515 503 1572 animi
524 1524 657 1574 contacta
679 1515 771 1574 adurit
794 1516 967 1593 culpantium
988 1516 1083 1573 omnia
1104 1531 1171 1573 acre

139 1597 262 1656 dirarum
280 1597 376 1656 alitum
388 1598 474 1657 modo
487 1598 616 1656 tenebris
628 1614 744 1676 quoque
760 1599 818 1656 suis
834 1608 863 1657 et
874 1600 1000 1676 ipsarum
1012 1598 1138 1656 noctium

140 1682 229 1758 quieti
244 1681 428 1740 invidentium
443 1683 561 1756 gemitu,
579 1698 654 1759 quae
669 1680 731 1741 sola
747 1698 805 1740 vox
820 1699 919 1740 eorum
934 1689 990 1756 est,
1013 1690 1042 1740 ut
1060 1682 1138 1740 inau-

140 1765 314 1840 spicatarum
330 1763 510 1821 animantium
532 1765 597 1821 vice
620 1764 697 1823 obvii
722 1781 838 1842 quoque
859 1772 959 1823 vetent
982 1781 1072 1841 agere
1091 1771 1139 1822 ant

110 1856 132 1915 5,
142 1846 285 1923 prodesse
301 1845 387 1903 vitae.
417 1861 472 1902 nec
486 1844 575 1903 ullum
590 1845 666 1904 aliud
682 1846 834 1906 abominati
850 1849 967 1926 spiritus
980 1847 1138 1924 praemium

62 1997 67 2006 ⁵
139 1945 250 1987 novere
268 1945 351 2005 quam
369 1926 467 1986 odisse
483 1930 586 1987 omnia.
616 1946 716 1987 verum
738 1939 766 1989 et
784 1931 812 1988 in
826 1930 884 1989 hoc
898 1930 1001 1990 eadem
1016 1938 1139 1988 naturae
1148 1953 1172 1993 a

138 2011 275 2070 maiestas
290 2019 368 2068 tanto
385 2009 476 2089 pluris
492 2011 586 2070 honos
602 2013 700 2088 genuit
716 2022 746 2071 ut
759 2013 878 2090 fruges,
894 2022 999 2090 quanto
1015 2011 1140 2072 fertilior

139 2094 168 2152 in
185 2093 219 2151 iis
238 2111 313 2171 quae
335 2093 431 2152 iuvant
451 2093 603 2174 alantque,
626 2110 746 2171 quorum
763 2096 961 2155 aestimatione
982 2104 1012 2155 et
1033 2094 1139 2172 gaudio

139 2192 194 2235 nos
216 2193 333 2255 qnoque
357 2177 467 2236 relictis
486 2179 630 2237 exustioni
645 2195 714 2238 suae
736 2180 799 2239 istis
814 2179 958 2238 hominum
975 2179 1055 2238 rubis
1071 2194 1139 2254 per·

140 2278 242 2337 gemus
259 2260 400 2319 excolere
415 2261 516 2336 vitam,
537 2278 632 2339 eoque
658 2263 833 2322 constantius
850 2278 907 2340 quo
929 2278 1039 2340 operae
1055 2259 1140 2320 nohis

138 2345 230 2403 maior
245 2361 329 2422 qnam
346 2344 440 2403 lamae
455 2346 547 2420 gratia
564 2346 718 2422 expetitur,
748 2347 855 2422 quippe
867 2361 963 2404 sermo
983 2345 1060 2403 circa
1072 2359 1140 2402 rura
1150 2368 1176 2408 25

140 2436 186 2487 est
202 2428 385 2504 agrestisque
399 2445 485 2501 usus,
501 2427 553 2486 sed
572 2427 675 2504 quihus
691 2429 748 2486 rita
767 2437 881 2487 constet
895 2427 1047 2506 honosque
1063 2425 1141 2504 apud

139 2511 255 2587 priscos
268 2527 417 2569 maxumus
431 2509 526 2569 luerit.

112 2602 130 2655 6
202 2591 230 2648 2.
257 2591 318 2669 (2.)
341 2591 484 2651 Arvorum
506 2593 677 2653 sacerdotes
696 2592 835 2653 Romulus
859 2595 888 2652 in
903 2595 1001 2671 primis
1020 2593 1142 2652 instituit

140 2691 232 2750 seque
252 2673 452 2734 duodecimum
473 2677 591 2735 fratrem
611 2676 772 2754 appellavit
792 2677 867 2736 inter
888 2676 955 2737 illos
971 2675 1052 2736 Acca
1068 2674 1140 2734 Lau·

139 2757 231 2817 tentia
244 2758 354 2816 nutrice
366 2775 417 2816 sua
434 2761 560 2835 genitos,
576 2761 677 2837 spicea
693 2776 802 2819 corona
816 2777 890 2838 quae
903 2761 973 2820 vitta
990 2758 1057 2819 alba
1072 2775 1141 2817 cou-
1151 2776 1177 2818 ao

140 2841 279 2918 ligaretur
296 2840 463 2900 sacerdotio
485 2842 513 2900 ei
532 2859 587 2920 pro
606 2842 827 2918 religiosissimo
844 2845 949 2920 insigni
967 2843 1048 2916 data,
1065 2858 1143 2919 quae

139 2927 230 3002 prima
246 2923 321 3002 apud
336 2921 483 2983 Romanos
500 2924 553 2984 luit
568 2941 687 2985 corona.
717 2926 869 3005 honosque
893 2929 917 2985 is
937 2943 995 2986 non
1012 2925 1067 2984 nisi
1082 2925 1143 2984 rita

111 3007 235 3069 ilinitur
246 3015 276 3066 et
287 3005 406 3066 exsules
421 3009 506 3067 etiam
526 3017 687 3088 captosque
703 3011 863 3070 comitatur.
880 3009 949 3070 Bina
960 3019 1029 3069 tuno
1039 3009 1144 3084 iugera
1182 3040 1186 3050 ι

138 3089 248 3168 populo
269 3088 399 3149 Romano
422 3091 491 3151 satis
513 3101 609 3172 erant,
630 3092 759 3170 nullique
778 3095 916 3153 maiorem
931 3092 1045 3152 modum
1062 3092 1143 3151 attri-

138 3171 216 3248 buit,
239 3189 295 3250 quo
318 3190 469 3232 servorum
495 3175 583 3252 paulo
607 3185 673 3236 ante
694 3168 842 3256 principis‘
854 3175 979 3237 Neronis
1001 3183 1174 3235 contentoa¹

139 3255 221 3316 huius
236 3257 312 3335 spati
332 3254 505 3317 viridiariis?
537 3262 664 3337 piscinas
684 3262 763 3321 iuvat
782 3262 907 3320 maiores
924 3259 1052 3333 hahere,
1075 3274 1143 3334 gra·

139 3348 271 3418 tumque,
294 3341 318 3398 si
341 3357 398 3398 nou
420 3341 545 3420 aliquem
562 3342 682 3403 culinas.
715 3341 807 3403 Numa
828 3344 948 3403 instituit
966 3342 1038 3402 deos
1055 3340 1144 3418 fruge

136 3423 240 3483 colere
257 3432 286 3483 et
297 3423 373 3483 mola
390 3424 467 3484 salsa
484 3426 651 3505 supplicare
666 3435 769 3505 atque,
786 3435 816 3486 ut
832 3435 934 3488 auctor
949 3435 994 3486 est
1008 3424 1143 3502 llemina,
