<?xml version="1.0" encoding="UTF-8"?>
<!DOCTYPE html PUBLIC "-//W3C//DTD XHTML 1.0 Transitional//EN"
    "http://www.w3.org/TR/xhtml1/DTD/xhtml1-transitional.dtd">
<html xmlns="http://www.w3.org/1999/xhtml" xml:lang="en" lang="en">
 <head>
  <title>
</title>
<meta http-equiv="Content-Type" content="text/html;charset=utf-8" />
  <meta name='ocr-system' content='tesseract 3.04.00' />
  <meta name='ocr-capabilities' content='ocr_page ocr_carea ocr_par ocr_line ocrx_word'/>
</head>
<body>
  <div class='ocr_page' id='page_1' title='image "./cplinisecundina04plingoog_0087.png"; bbox 0 0 2422 3840; ppageno 0'>
   <div class='ocr_carea' id='block_1_1' title="bbox 129 181 777 244">
    <p class='ocr_par' dir='ltr' id='par_1_1' title="bbox 129 181 777 244">
     <span class='ocr_line' id='line_1_1' title="bbox 129 181 777 244; baseline -0.003 0"><span class='ocrx_word' id='word_1_1' title='bbox 129 181 168 244; x_wconf 81' lang='lat'>28</span> <span class='ocrx_word' id='word_1_2' title='bbox 470 194 499 243; x_wconf 88' lang='lat' dir='ltr'>c.</span> <span class='ocrx_word' id='word_1_3' title='bbox 516 194 612 243; x_wconf 79' lang='lat' dir='ltr'>unum</span> <span class='ocrx_word' id='word_1_4' title='bbox 627 194 777 243; x_wconf 82' lang='lat' dir='ltr'>saeuum</span> 
     </span>
    </p>
   </div>
   <div class='ocr_carea' id='block_1_2' title="bbox 85 348 1163 3262">
    <p class='ocr_par' dir='ltr' id='par_1_2' title="bbox 85 348 1163 3262">
     <span class='ocr_line' id='line_1_2' title="bbox 127 348 1129 425; baseline 0.002 -15"><span class='ocrx_word' id='word_1_5' title='bbox 127 352 249 410; x_wconf 85' lang='lat' dir='ltr'>rentium</span> <span class='ocrx_word' id='word_1_6' title='bbox 271 349 334 409; x_wconf 88' lang='lat' dir='ltr'>aliis</span> <span class='ocrx_word' id='word_1_7' title='bbox 356 349 463 409; x_wconf 91' lang='lat' dir='ltr'>densus</span> <span class='ocrx_word' id='word_1_8' title='bbox 480 348 578 406; x_wconf 90' lang='lat' dir='ltr'>acinus</span> <span class='ocrx_word' id='word_1_9' title='bbox 595 357 624 407; x_wconf 90' lang='lat' dir='ltr'>et</span> <span class='ocrx_word' id='word_1_10' title='bbox 643 349 795 425; x_wconf 81' lang='lat' dir='ltr'>grandior,</span> <span class='ocrx_word' id='word_1_11' title='bbox 824 351 949 411; x_wconf 89' lang='lat' dir='ltr'>racemis</span> <span class='ocrx_word' id='word_1_12' title='bbox 972 351 1001 410; x_wconf 90' lang='lat' dir='ltr'>lu</span> <span class='ocrx_word' id='word_1_13' title='bbox 1024 351 1129 412; x_wconf 87' lang='lat' dir='ltr'>orbern</span> 
     </span>
     <span class='ocr_line' id='line_1_3' title="bbox 129 432 1128 510; baseline 0.002 -17"><span class='ocrx_word' id='word_1_14' title='bbox 129 434 309 494; x_wconf 78' lang='lat' dir='ltr'><strong>circumactis</strong></span> <span class='ocrx_word' id='word_1_15' title='bbox 331 433 379 510; x_wconf 86' lang='lat' dir='ltr'>qul</span> <span class='ocrx_word' id='word_1_16' title='bbox 403 440 544 492; x_wconf 89' lang='lat' dir='ltr'>vocantur</span> <span class='ocrx_word' id='word_1_17' title='bbox 564 433 708 508; x_wconf 70' lang='lat' dir='ltr'>corymbi,</span> <span class='ocrx_word' id='word_1_18' title='bbox 730 434 799 494; x_wconf 88' lang='lat' dir='ltr'>item</span> <span class='ocrx_word' id='word_1_19' title='bbox 828 432 978 508; x_wconf 87' lang='lat' dir='ltr'>Sileuiois,</span> <span class='ocrx_word' id='word_1_20' title='bbox 1005 443 1051 495; x_wconf 83' lang='lat' dir='ltr'>est</span> <span class='ocrx_word' id='word_1_21' title='bbox 1069 437 1128 495; x_wconf 87' lang='lat' dir='ltr'>mi·</span> 
     </span>
     <span class='ocr_line' id='line_1_4' title="bbox 88 516 1128 595; baseline -0.002 -14"><span class='ocrx_word' id='word_1_22' title='bbox 88 526 137 580; x_wconf 77' lang='lat'>147</span> <span class='ocrx_word' id='word_1_23' title='bbox 149 534 202 576; x_wconf 93' lang='lat' dir='ltr'>nor</span> <span class='ocrx_word' id='word_1_24' title='bbox 224 517 339 592; x_wconf 86' lang='lat' dir='ltr'>acinus,</span> <span class='ocrx_word' id='word_1_25' title='bbox 359 516 488 593; x_wconf 82' lang='lat' dir='ltr'>sparsior</span> <span class='ocrx_word' id='word_1_26' title='bbox 511 532 653 574; x_wconf 89' lang='lat' dir='ltr'>racemus.</span> <span class='ocrx_word' id='word_1_27' title='bbox 689 517 774 576; x_wconf 85' lang='lat' dir='ltr'>simili</span> <span class='ocrx_word' id='word_1_28' title='bbox 794 517 882 577; x_wconf 90' lang='lat' dir='ltr'>modo</span> <span class='ocrx_word' id='word_1_29' title='bbox 904 519 933 575; x_wconf 89' lang='lat' dir='ltr'>iu</span> <span class='ocrx_word' id='word_1_30' title='bbox 952 519 1044 595; x_wconf 78' lang='lat' dir='ltr'>nigra.</span> <span class='ocrx_word' id='word_1_31' title='bbox 1074 520 1128 579; x_wconf 86' lang='lat' dir='ltr'>ali·</span> 
     </span>
     <span class='ocr_line' id='line_1_5' title="bbox 132 598 1128 679; baseline 0.003 -20"><span class='ocrx_word' id='word_1_32' title='bbox 132 602 178 660; x_wconf 91' lang='lat' dir='ltr'>cui</span> <span class='ocrx_word' id='word_1_33' title='bbox 201 608 230 658; x_wconf 90' lang='lat' dir='ltr'>et</span> <span class='ocrx_word' id='word_1_34' title='bbox 253 617 351 658; x_wconf 88' lang='lat' dir='ltr'>semen</span> <span class='ocrx_word' id='word_1_35' title='bbox 374 600 501 675; x_wconf 81' lang='lat' dir='ltr'>nigrum,</span> <span class='ocrx_word' id='word_1_36' title='bbox 517 598 565 657; x_wconf 93' lang='lat' dir='ltr'>alii</span> <span class='ocrx_word' id='word_1_37' title='bbox 586 607 749 676; x_wconf 91' lang='lat' dir='ltr'>crocatum,</span> <span class='ocrx_word' id='word_1_38' title='bbox 777 603 858 660; x_wconf 89' lang='lat' dir='ltr'>cuius</span> <span class='ocrx_word' id='word_1_39' title='bbox 881 602 997 660; x_wconf 84' lang='lat' dir='ltr'>coronis</span> <span class='ocrx_word' id='word_1_40' title='bbox 1018 612 1128 679; x_wconf 86' lang='lat' dir='ltr'>poetae</span> 
     </span>
     <span class='ocr_line' id='line_1_6' title="bbox 129 682 1153 762; baseline -0.002 -20"><span class='ocrx_word' id='word_1_41' title='bbox 129 692 254 759; x_wconf 88' lang='lat' dir='ltr'>utuntur,</span> <span class='ocrx_word' id='word_1_42' title='bbox 266 682 344 742; x_wconf 83' lang='lat' dir='ltr'>foliis</span> <span class='ocrx_word' id='word_1_43' title='bbox 355 685 446 741; x_wconf 90' lang='lat' dir='ltr'>miuus</span> <span class='ocrx_word' id='word_1_44' title='bbox 458 682 559 759; x_wconf 82' lang='lat' dir='ltr'>nigris,</span> <span class='ocrx_word' id='word_1_45' title='bbox 573 699 657 760; x_wconf 87' lang='lat' dir='ltr'>quam</span> <span class='ocrx_word' id='word_1_46' title='bbox 670 683 784 762; x_wconf 88' lang='lat' dir='ltr'>quidam</span> <span class='ocrx_word' id='word_1_47' title='bbox 797 683 926 760; x_wconf 72' lang='lat' dir='ltr'>Nysiam,</span> <span class='ocrx_word' id='word_1_48' title='bbox 941 684 989 744; x_wconf 89' lang='lat' dir='ltr'>alii</span> <span class='ocrx_word' id='word_1_49' title='bbox 1005 684 1127 745; x_wconf 85' lang='lat' dir='ltr'>Bacchi·</span> <span class='ocrx_word' id='word_1_50' title='bbox 1140 701 1153 740; x_wconf 84' lang='lat' dir='ltr'>s</span> 
     </span>
     <span class='ocr_line' id='line_1_7' title="bbox 130 766 1128 846; baseline 0.004 -20"><span class='ocrx_word' id='word_1_51' title='bbox 130 784 192 827; x_wconf 89' lang='lat' dir='ltr'>cam</span> <span class='ocrx_word' id='word_1_52' title='bbox 207 776 329 844; x_wconf 87' lang='lat' dir='ltr'>vocant,</span> <span class='ocrx_word' id='word_1_53' title='bbox 354 767 493 826; x_wconf 84' lang='lat' dir='ltr'>maxumis</span> <span class='ocrx_word' id='word_1_54' title='bbox 515 767 589 825; x_wconf 90' lang='lat' dir='ltr'>inter</span> <span class='ocrx_word' id='word_1_55' title='bbox 609 768 707 843; x_wconf 87' lang='lat' dir='ltr'>nigras</span> <span class='ocrx_word' id='word_1_56' title='bbox 729 766 883 842; x_wconf 63' lang='lat' dir='ltr'>corymbis.</span> <span class='ocrx_word' id='word_1_57' title='bbox 920 768 1034 846; x_wconf 90' lang='lat' dir='ltr'>quidam</span> <span class='ocrx_word' id='word_1_58' title='bbox 1050 769 1128 846; x_wconf 87' lang='lat' dir='ltr'>apud</span> 
     </span>
     <span class='ocr_line' id='line_1_8' title="bbox 129 849 1127 925; baseline 0.003 -15"><span class='ocrx_word' id='word_1_59' title='bbox 129 849 257 911; x_wconf 83' lang='lat' dir='ltr'>Graecos</span> <span class='ocrx_word' id='word_1_60' title='bbox 276 852 427 910; x_wconf 82' lang='lat' dir='ltr'>etiamnum</span> <span class='ocrx_word' id='word_1_61' title='bbox 446 850 503 909; x_wconf 92' lang='lat' dir='ltr'>duo</span> <span class='ocrx_word' id='word_1_62' title='bbox 523 867 633 925; x_wconf 79' lang='lat' dir='ltr'>genera</span> <span class='ocrx_word' id='word_1_63' title='bbox 650 850 732 910; x_wconf 89' lang='lat' dir='ltr'>huius</span> <span class='ocrx_word' id='word_1_64' title='bbox 748 851 887 911; x_wconf 80' lang='lat' dir='ltr'>laciuuta</span> <span class='ocrx_word' id='word_1_65' title='bbox 909 850 1012 911; x_wconf 90' lang='lat' dir='ltr'>colore</span> <span class='ocrx_word' id='word_1_66' title='bbox 1027 853 1127 913; x_wconf 90' lang='lat' dir='ltr'>acino·</span> 
     </span>
     <span class='ocr_line' id='line_1_9' title="bbox 88 933 1128 1011; baseline 0 -16"><span class='ocrx_word' id='word_1_67' title='bbox 88 941 137 998; x_wconf 80' lang='lat'>148</span> <span class='ocrx_word' id='word_1_68' title='bbox 146 953 225 1010; x_wconf 89' lang='lat' dir='ltr'>rum,</span> <span class='ocrx_word' id='word_1_69' title='bbox 248 935 432 1008; x_wconf 77' lang='lat' dir='ltr'>erythranum</span> <span class='ocrx_word' id='word_1_70' title='bbox 449 941 478 992; x_wconf 91' lang='lat' dir='ltr'>et</span> <span class='ocrx_word' id='word_1_71' title='bbox 495 933 730 1011; x_wconf 77' lang='lat' dir='ltr'>chrysocarpum.</span> <span class='ocrx_word' id='word_1_72' title='bbox 761 934 910 994; x_wconf 88' lang='lat' dir='ltr'>Plurumas</span> <span class='ocrx_word' id='word_1_73' title='bbox 927 943 1021 994; x_wconf 88' lang='lat' dir='ltr'>autem</span> <span class='ocrx_word' id='word_1_74' title='bbox 1036 934 1128 1005; x_wconf 88' lang='lat' dir='ltr'>hahet</span> 
     </span>
     <span class='ocr_line' id='line_1_10' title="bbox 129 1016 1128 1095; baseline 0.002 -18"><span class='ocrx_word' id='word_1_75' title='bbox 129 1019 305 1077; x_wconf 81' lang='lat' dir='ltr'>differentias</span> <span class='ocrx_word' id='word_1_76' title='bbox 321 1018 416 1091; x_wconf 83' lang='lat' dir='ltr'>helix,</span> <span class='ocrx_word' id='word_1_77' title='bbox 440 1016 572 1093; x_wconf 91' lang='lat' dir='ltr'>quoniam</span> <span class='ocrx_word' id='word_1_78' title='bbox 592 1016 664 1076; x_wconf 87' lang='lat' dir='ltr'>lolio</span> <span class='ocrx_word' id='word_1_79' title='bbox 685 1034 816 1076; x_wconf 89' lang='lat' dir='ltr'>maxume</span> <span class='ocrx_word' id='word_1_80' title='bbox 833 1017 927 1077; x_wconf 88' lang='lat' dir='ltr'>distat.</span> <span class='ocrx_word' id='word_1_81' title='bbox 957 1035 1046 1095; x_wconf 88' lang='lat' dir='ltr'>parva</span> <span class='ocrx_word' id='word_1_82' title='bbox 1060 1028 1128 1079; x_wconf 88' lang='lat' dir='ltr'>suut</span> 
     </span>
     <span class='ocr_line' id='line_1_11' title="bbox 129 1100 1162 1178; baseline 0.001 -19"><span class='ocrx_word' id='word_1_83' title='bbox 129 1110 158 1159; x_wconf 93' lang='lat' dir='ltr'>et</span> <span class='ocrx_word' id='word_1_84' title='bbox 181 1100 322 1177; x_wconf 81' lang='lat' dir='ltr'>angulosa</span> <span class='ocrx_word' id='word_1_85' title='bbox 343 1100 601 1178; x_wconf 74' lang='lat' dir='ltr'>communiumque,</span> <span class='ocrx_word' id='word_1_86' title='bbox 626 1118 689 1158; x_wconf 83' lang='lat' dir='ltr'>cunr</span> <span class='ocrx_word' id='word_1_87' title='bbox 708 1100 885 1178; x_wconf 89' lang='lat' dir='ltr'>reliquorum</span> <span class='ocrx_word' id='word_1_88' title='bbox 902 1103 1162 1177; x_wconf 83' lang='lat' dir='ltr'>generumslm·1o</span> 
     </span>
     <span class='ocr_line' id='line_1_12' title="bbox 128 1182 1127 1264; baseline 0.002 -22"><span class='ocrx_word' id='word_1_89' title='bbox 128 1183 215 1261; x_wconf 87' lang='lat' dir='ltr'>plicia</span> <span class='ocrx_word' id='word_1_90' title='bbox 238 1184 316 1242; x_wconf 50' lang='lat' dir='ltr'>sidtu</span> <span class='ocrx_word' id='word_1_91' title='bbox 341 1184 426 1243; x_wconf 89' lang='lat' dir='ltr'>distat</span> <span class='ocrx_word' id='word_1_92' title='bbox 446 1191 475 1240; x_wconf 86' lang='lat' dir='ltr'>et</span> <span class='ocrx_word' id='word_1_93' title='bbox 497 1182 674 1258; x_wconf 79' lang='lat' dir='ltr'>longitudine</span> <span class='ocrx_word' id='word_1_94' title='bbox 699 1184 942 1259; x_wconf 80' lang='lat' dir='ltr'>internodiorum,</span> <span class='ocrx_word' id='word_1_95' title='bbox 966 1187 1127 1264; x_wconf 83' lang='lat' dir='ltr'>praecipue</span> 
     </span>
     <span class='ocr_line' id='line_1_13' title="bbox 129 1266 1129 1346; baseline 0.002 -20"><span class='ocrx_word' id='word_1_96' title='bbox 129 1276 223 1326; x_wconf 89' lang='lat' dir='ltr'>tamen</span> <span class='ocrx_word' id='word_1_97' title='bbox 240 1267 409 1342; x_wconf 89' lang='lat' dir='ltr'>sterilitate,</span> <span class='ocrx_word' id='word_1_98' title='bbox 433 1267 567 1343; x_wconf 91' lang='lat' dir='ltr'>quoniam</span> <span class='ocrx_word' id='word_1_99' title='bbox 587 1266 709 1326; x_wconf 80' lang='lat' dir='ltr'>fructum</span> <span class='ocrx_word' id='word_1_100' title='bbox 729 1284 786 1327; x_wconf 89' lang='lat' dir='ltr'>uon</span> <span class='ocrx_word' id='word_1_101' title='bbox 807 1269 907 1344; x_wconf 77' lang='lat' dir='ltr'>giguit.</span> <span class='ocrx_word' id='word_1_102' title='bbox 939 1268 1053 1346; x_wconf 89' lang='lat' dir='ltr'>quidam</span> <span class='ocrx_word' id='word_1_103' title='bbox 1069 1268 1129 1328; x_wconf 91' lang='lat' dir='ltr'>hoc</span> 
     </span>
     <span class='ocr_line' id='line_1_14' title="bbox 128 1350 1127 1430; baseline 0.002 -21"><span class='ocrx_word' id='word_1_104' title='bbox 128 1351 231 1409; x_wconf 86' lang='lat' dir='ltr'>aetatis</span> <span class='ocrx_word' id='word_1_105' title='bbox 248 1368 325 1425; x_wconf 89' lang='lat' dir='ltr'>esse,</span> <span class='ocrx_word' id='word_1_106' title='bbox 341 1368 398 1409; x_wconf 90' lang='lat' dir='ltr'>nou</span> <span class='ocrx_word' id='word_1_107' title='bbox 415 1350 533 1426; x_wconf 84' lang='lat' dir='ltr'>generis</span> <span class='ocrx_word' id='word_1_108' title='bbox 548 1350 722 1427; x_wconf 89' lang='lat' dir='ltr'>existimant,</span> <span class='ocrx_word' id='word_1_109' title='bbox 738 1351 889 1430; x_wconf 91' lang='lat' dir='ltr'>primoque</span> <span class='ocrx_word' id='word_1_110' title='bbox 904 1350 1028 1411; x_wconf 87' lang='lat' dir='ltr'>helicem</span> <span class='ocrx_word' id='word_1_111' title='bbox 1045 1368 1127 1426; x_wconf 81' lang='lat' dir='ltr'>esse,</span> 
     </span>
     <span class='ocr_line' id='line_1_15' title="bbox 87 1432 1127 1512; baseline -0.003 -15"><span class='ocrx_word' id='word_1_112' title='bbox 87 1434 211 1497; x_wconf 72' lang='lat' dir='ltr'>locheri</span> <span class='ocrx_word' id='word_1_113' title='bbox 226 1434 363 1494; x_wconf 85' lang='lat' dir='ltr'>hederam</span> <span class='ocrx_word' id='word_1_114' title='bbox 376 1442 530 1492; x_wconf 87' lang='lat' dir='ltr'>vetustate.</span> <span class='ocrx_word' id='word_1_115' title='bbox 559 1432 660 1493; x_wconf 89' lang='lat' dir='ltr'>borum</span> <span class='ocrx_word' id='word_1_116' title='bbox 685 1452 768 1493; x_wconf 88' lang='lat' dir='ltr'>error</span> <span class='ocrx_word' id='word_1_117' title='bbox 791 1434 958 1495; x_wconf 77' lang='lat' dir='ltr'>manifestus</span> <span class='ocrx_word' id='word_1_118' title='bbox 979 1434 1127 1512; x_wconf 74' lang='lat' dir='ltr'>intellegi-</span> 
     </span>
     <span class='ocr_line' id='line_1_16' title="bbox 128 1516 1161 1596; baseline -0.003 -20"><span class='ocrx_word' id='word_1_119' title='bbox 128 1527 189 1594; x_wconf 91' lang='lat' dir='ltr'>tur,</span> <span class='ocrx_word' id='word_1_120' title='bbox 212 1519 345 1596; x_wconf 92' lang='lat' dir='ltr'>quoniam</span> <span class='ocrx_word' id='word_1_121' title='bbox 366 1517 469 1577; x_wconf 89' lang='lat' dir='ltr'>helicis</span> <span class='ocrx_word' id='word_1_122' title='bbox 490 1516 573 1594; x_wconf 93' lang='lat' dir='ltr'>plura</span> <span class='ocrx_word' id='word_1_123' title='bbox 586 1535 697 1593; x_wconf 85' lang='lat' dir='ltr'>genera</span> <span class='ocrx_word' id='word_1_124' title='bbox 712 1520 910 1595; x_wconf 89' lang='lat' dir='ltr'>reperiuntur,</span> <span class='ocrx_word' id='word_1_125' title='bbox 930 1518 982 1578; x_wconf 91' lang='lat' dir='ltr'>sed</span> <span class='ocrx_word' id='word_1_126' title='bbox 994 1519 1050 1578; x_wconf 86' lang='lat' dir='ltr'>tria</span> <span class='ocrx_word' id='word_1_127' title='bbox 1065 1534 1161 1579; x_wconf 78' lang='lat' dir='ltr'>ara-re</span> 
     </span>
     <span class='ocr_line' id='line_1_17' title="bbox 128 1599 1127 1679; baseline 0.001 -19"><span class='ocrx_word' id='word_1_128' title='bbox 128 1620 213 1660; x_wconf 90' lang='lat' dir='ltr'>xume</span> <span class='ocrx_word' id='word_1_129' title='bbox 228 1603 367 1677; x_wconf 81' lang='lat' dir='ltr'>insignia:</span> <span class='ocrx_word' id='word_1_130' title='bbox 384 1599 530 1660; x_wconf 89' lang='lat' dir='ltr'>herbacea</span> <span class='ocrx_word' id='word_1_131' title='bbox 546 1618 581 1660; x_wconf 89' lang='lat' dir='ltr'>ac</span> <span class='ocrx_word' id='word_1_132' title='bbox 596 1600 694 1659; x_wconf 88' lang='lat' dir='ltr'>virens</span> <span class='ocrx_word' id='word_1_133' title='bbox 710 1618 784 1679; x_wconf 89' lang='lat' dir='ltr'>quae</span> <span class='ocrx_word' id='word_1_134' title='bbox 800 1602 931 1679; x_wconf 87' lang='lat' dir='ltr'>pluruma</span> <span class='ocrx_word' id='word_1_135' title='bbox 949 1611 1010 1676; x_wconf 90' lang='lat' dir='ltr'>est,</span> <span class='ocrx_word' id='word_1_136' title='bbox 1032 1601 1127 1662; x_wconf 84' lang='lat' dir='ltr'>altera</span> 
     </span>
     <span class='ocr_line' id='line_1_18' title="bbox 129 1683 1125 1760; baseline 0.001 -16"><span class='ocrx_word' id='word_1_137' title='bbox 129 1685 249 1745; x_wconf 91' lang='lat' dir='ltr'>candido</span> <span class='ocrx_word' id='word_1_138' title='bbox 268 1685 356 1759; x_wconf 82' lang='lat' dir='ltr'>folio,</span> <span class='ocrx_word' id='word_1_139' title='bbox 379 1685 463 1743; x_wconf 88' lang='lat' dir='ltr'>tertia</span> <span class='ocrx_word' id='word_1_140' title='bbox 477 1683 651 1742; x_wconf 84' lang='lat' dir='ltr'>versicolori</span> <span class='ocrx_word' id='word_1_141' title='bbox 658 1728 666 1759; x_wconf 92' lang='lat'>,</span> <span class='ocrx_word' id='word_1_142' title='bbox 690 1702 764 1760; x_wconf 86' lang='lat' dir='ltr'>quae</span> <span class='ocrx_word' id='word_1_143' title='bbox 783 1685 905 1745; x_wconf 79' lang='lat' dir='ltr'>Thracia</span> <span class='ocrx_word' id='word_1_144' title='bbox 920 1694 1051 1744; x_wconf 89' lang='lat' dir='ltr'>vocatur.</span> <span class='ocrx_word' id='word_1_145' title='bbox 1082 1694 1125 1745; x_wconf 87' lang='lat' dir='ltr'>et·</span> 
     </span>
     <span class='ocr_line' id='line_1_19' title="bbox 127 1766 1123 1844; baseline 0.001 -18"><span class='ocrx_word' id='word_1_146' title='bbox 127 1769 248 1828; x_wconf 88' lang='lat' dir='ltr'>iamuum</span> <span class='ocrx_word' id='word_1_147' title='bbox 262 1766 428 1826; x_wconf 85' lang='lat' dir='ltr'>herbaceae</span> <span class='ocrx_word' id='word_1_148' title='bbox 441 1767 574 1824; x_wconf 86' lang='lat' dir='ltr'>tenuiora</span> <span class='ocrx_word' id='word_1_149' title='bbox 596 1766 665 1826; x_wconf 82' lang='lat' dir='ltr'>folia</span> <span class='ocrx_word' id='word_1_150' title='bbox 688 1776 717 1826; x_wconf 87' lang='lat' dir='ltr'>et</span> <span class='ocrx_word' id='word_1_151' title='bbox 738 1768 766 1825; x_wconf 90' lang='lat' dir='ltr'>in</span> <span class='ocrx_word' id='word_1_152' title='bbox 780 1768 908 1828; x_wconf 89' lang='lat' dir='ltr'>ordinem</span> <span class='ocrx_word' id='word_1_153' title='bbox 925 1768 1039 1844; x_wconf 82' lang='lat' dir='ltr'>digesta</span> <span class='ocrx_word' id='word_1_154' title='bbox 1054 1768 1123 1829; x_wconf 88' lang='lat' dir='ltr'>deu·</span> 
     </span>
     <span class='ocr_line' id='line_1_20' title="bbox 88 1848 1125 1927; baseline -0.004 -13"><span class='ocrx_word' id='word_1_155' title='bbox 88 1862 136 1914; x_wconf 80' lang='lat'>150</span> <span class='ocrx_word' id='word_1_156' title='bbox 148 1853 293 1927; x_wconf 92' lang='lat' dir='ltr'>sioraque.</span> <span class='ocrx_word' id='word_1_157' title='bbox 325 1851 353 1907; x_wconf 92' lang='lat' dir='ltr'>in</span> <span class='ocrx_word' id='word_1_158' title='bbox 374 1850 431 1908; x_wconf 91' lang='lat' dir='ltr'>alio</span> <span class='ocrx_word' id='word_1_159' title='bbox 453 1866 562 1924; x_wconf 84' lang='lat' dir='ltr'>genere</span> <span class='ocrx_word' id='word_1_160' title='bbox 582 1848 695 1909; x_wconf 91' lang='lat' dir='ltr'>diversa</span> <span class='ocrx_word' id='word_1_161' title='bbox 712 1853 813 1912; x_wconf 86' lang='lat' dir='ltr'>omnia.</span> <span class='ocrx_word' id='word_1_162' title='bbox 845 1851 881 1910; x_wconf 80' lang='lat' dir='ltr'>Et</span> <span class='ocrx_word' id='word_1_163' title='bbox 906 1853 934 1909; x_wconf 92' lang='lat' dir='ltr'>iu</span> <span class='ocrx_word' id='word_1_164' title='bbox 948 1852 1125 1912; x_wconf 82' lang='lat' dir='ltr'>uersicolori</span> 
     </span>
     <span class='ocr_line' id='line_1_21' title="bbox 86 1930 1163 2012; baseline -0.001 -20"><span class='ocrx_word' id='word_1_165' title='bbox 86 1953 88 1956; x_wconf 51' lang='lat'><strong>⁴</strong></span> <span class='ocrx_word' id='word_1_166' title='bbox 128 1935 182 1993; x_wconf 89' lang='lat' dir='ltr'>alia</span> <span class='ocrx_word' id='word_1_167' title='bbox 206 1930 385 1991; x_wconf 86' lang='lat' dir='ltr'>tennioribus</span> <span class='ocrx_word' id='word_1_168' title='bbox 410 1931 488 1989; x_wconf 85' lang='lat' dir='ltr'>foliis</span> <span class='ocrx_word' id='word_1_169' title='bbox 514 1940 542 1990; x_wconf 88' lang='lat' dir='ltr'>et</span> <span class='ocrx_word' id='word_1_170' title='bbox 568 1932 698 1992; x_wconf 89' lang='lat' dir='ltr'>similiter</span> <span class='ocrx_word' id='word_1_171' title='bbox 719 1934 856 1994; x_wconf 86' lang='lat' dir='ltr'>ordinatis</span> <span class='ocrx_word' id='word_1_172' title='bbox 880 1935 1163 2012; x_wconf 82' lang='lat' dir='ltr'>densioribusqueao</span> 
     </span>
     <span class='ocr_line' id='line_1_22' title="bbox 128 2014 1125 2096; baseline 0.002 -21"><span class='ocrx_word' id='word_1_173' title='bbox 128 2026 183 2090; x_wconf 87' lang='lat' dir='ltr'>est,</span> <span class='ocrx_word' id='word_1_174' title='bbox 201 2016 284 2074; x_wconf 87' lang='lat' dir='ltr'>alteri</span> <span class='ocrx_word' id='word_1_175' title='bbox 301 2017 403 2091; x_wconf 84' lang='lat' dir='ltr'>generi</span> <span class='ocrx_word' id='word_1_176' title='bbox 419 2014 556 2090; x_wconf 79' lang='lat' dir='ltr'>neglecta</span> <span class='ocrx_word' id='word_1_177' title='bbox 573 2015 648 2075; x_wconf 88' lang='lat' dir='ltr'>haec</span> <span class='ocrx_word' id='word_1_178' title='bbox 669 2020 772 2078; x_wconf 89' lang='lat' dir='ltr'>omnia.</span> <span class='ocrx_word' id='word_1_179' title='bbox 806 2019 913 2077; x_wconf 89' lang='lat' dir='ltr'>maiora</span> <span class='ocrx_word' id='word_1_180' title='bbox 937 2034 1055 2096; x_wconf 89' lang='lat' dir='ltr'>quoque</span> <span class='ocrx_word' id='word_1_181' title='bbox 1077 2027 1125 2078; x_wconf 85' lang='lat' dir='ltr'>aut</span> 
     </span>
     <span class='ocr_line' id='line_1_23' title="bbox 127 2098 1124 2177; baseline 0.003 -21"><span class='ocrx_word' id='word_1_182' title='bbox 127 2101 236 2157; x_wconf 89' lang='lat' dir='ltr'>minora</span> <span class='ocrx_word' id='word_1_183' title='bbox 252 2108 315 2157; x_wconf 87' lang='lat' dir='ltr'>sunt</span> <span class='ocrx_word' id='word_1_184' title='bbox 331 2098 402 2158; x_wconf 83' lang='lat' dir='ltr'>folia</span> <span class='ocrx_word' id='word_1_185' title='bbox 416 2098 647 2176; x_wconf 87' lang='lat' dir='ltr'>macularumque</span> <span class='ocrx_word' id='word_1_186' title='bbox 662 2100 760 2160; x_wconf 88' lang='lat' dir='ltr'>habitu</span> <span class='ocrx_word' id='word_1_187' title='bbox 775 2101 890 2177; x_wconf 88' lang='lat' dir='ltr'>distant,</span> <span class='ocrx_word' id='word_1_188' title='bbox 907 2110 936 2160; x_wconf 86' lang='lat' dir='ltr'>et</span> <span class='ocrx_word' id='word_1_189' title='bbox 952 2102 981 2160; x_wconf 93' lang='lat' dir='ltr'>in</span> <span class='ocrx_word' id='word_1_190' title='bbox 996 2101 1124 2161; x_wconf 87' lang='lat' dir='ltr'>candidis</span> 
     </span>
     <span class='ocr_line' id='line_1_24' title="bbox 126 2181 1124 2261; baseline 0 -19"><span class='ocrx_word' id='word_1_191' title='bbox 126 2183 182 2242; x_wconf 90' lang='lat' dir='ltr'>alia</span> <span class='ocrx_word' id='word_1_192' title='bbox 199 2191 264 2241; x_wconf 87' lang='lat' dir='ltr'>suut</span> <span class='ocrx_word' id='word_1_193' title='bbox 282 2181 456 2243; x_wconf 90' lang='lat' dir='ltr'>candidiora.</span> <span class='ocrx_word' id='word_1_194' title='bbox 488 2181 629 2241; x_wconf 88' lang='lat' dir='ltr'>adulescit</span> <span class='ocrx_word' id='word_1_195' title='bbox 645 2184 674 2242; x_wconf 93' lang='lat' dir='ltr'>iu</span> <span class='ocrx_word' id='word_1_196' title='bbox 690 2184 895 2261; x_wconf 80' lang='lat' dir='ltr'>longitudinem</span> <span class='ocrx_word' id='word_1_197' title='bbox 911 2202 1044 2244; x_wconf 82' lang='lat' dir='ltr'>maxume</span> <span class='ocrx_word' id='word_1_198' title='bbox 1057 2184 1124 2245; x_wconf 88' lang='lat' dir='ltr'>her·</span> 
     </span>
     <span class='ocr_line' id='line_1_25' title="bbox 87 2265 1124 2345; baseline -0.001 -17"><span class='ocrx_word' id='word_1_199' title='bbox 87 2266 248 2330; x_wconf 73' lang='lat' dir='ltr'>tolbacea.</span> <span class='ocrx_word' id='word_1_200' title='bbox 290 2265 412 2326; x_wconf 90' lang='lat' dir='ltr'>arbores</span> <span class='ocrx_word' id='word_1_201' title='bbox 437 2274 532 2325; x_wconf 87' lang='lat' dir='ltr'>autem</span> <span class='ocrx_word' id='word_1_202' title='bbox 563 2275 648 2325; x_wconf 89' lang='lat' dir='ltr'>necat</span> <span class='ocrx_word' id='word_1_203' title='bbox 676 2267 796 2327; x_wconf 87' lang='lat' dir='ltr'>candida</span> <span class='ocrx_word' id='word_1_204' title='bbox 825 2285 996 2345; x_wconf 89' lang='lat' dir='ltr'>omnemque</span> <span class='ocrx_word' id='word_1_205' title='bbox 1023 2285 1124 2327; x_wconf 88' lang='lat' dir='ltr'>sucum</span> 
     </span>
     <span class='ocr_line' id='line_1_26' title="bbox 127 2349 1160 2428; baseline 0.003 -18"><span class='ocrx_word' id='word_1_206' title='bbox 127 2349 285 2410; x_wconf 83' lang='lat' dir='ltr'>auferendo</span> <span class='ocrx_word' id='word_1_207' title='bbox 302 2359 378 2410; x_wconf 88' lang='lat' dir='ltr'>tauta</span> <span class='ocrx_word' id='word_1_208' title='bbox 394 2349 584 2409; x_wconf 87' lang='lat' dir='ltr'>crassitudine</span> <span class='ocrx_word' id='word_1_209' title='bbox 601 2359 723 2425; x_wconf 83' lang='lat' dir='ltr'>augetur</span> <span class='ocrx_word' id='word_1_210' title='bbox 738 2360 768 2410; x_wconf 88' lang='lat' dir='ltr'>ut</span> <span class='ocrx_word' id='word_1_211' title='bbox 780 2352 842 2428; x_wconf 93' lang='lat' dir='ltr'>ipsa</span> <span class='ocrx_word' id='word_1_212' title='bbox 854 2350 943 2411; x_wconf 91' lang='lat' dir='ltr'>arbor</span> <span class='ocrx_word' id='word_1_213' title='bbox 955 2351 1014 2410; x_wconf 86' lang='lat' dir='ltr'>liat.</span> <span class='ocrx_word' id='word_1_214' title='bbox 1041 2351 1160 2428; x_wconf 69' lang='lat' dir='ltr'>signare</span> 
     </span>
     <span class='ocr_line' id='line_1_27' title="bbox 127 2426 1124 2512; baseline 0.001 -20"><span class='ocrx_word' id='word_1_215' title='bbox 127 2435 188 2493; x_wconf 92' lang='lat' dir='ltr'>eius</span> <span class='ocrx_word' id='word_1_216' title='bbox 204 2434 274 2494; x_wconf 82' lang='lat' dir='ltr'>folia</span> <span class='ocrx_word' id='word_1_217' title='bbox 296 2451 426 2493; x_wconf 89' lang='lat' dir='ltr'>maxuma</span> <span class='ocrx_word' id='word_1_218' title='bbox 447 2442 533 2509; x_wconf 89' lang='lat' dir='ltr'>atque</span> <span class='ocrx_word' id='word_1_219' title='bbox 555 2432 708 2507; x_wconf 89' lang='lat' dir='ltr'>latissima,</span> <span class='ocrx_word' id='word_1_220' title='bbox 729 2452 864 2494; x_wconf 91' lang='lat' dir='ltr'>mammas</span> <span class='ocrx_word' id='word_1_221' title='bbox 887 2426 1026 2511; x_wconf 84' lang='lat' dir='ltr'>erigentis</span> <span class='ocrx_word' id='word_1_222' title='bbox 1047 2451 1124 2512; x_wconf 90' lang='lat' dir='ltr'>quae</span> 
     </span>
     <span class='ocr_line' id='line_1_28' title="bbox 126 2515 1123 2595; baseline 0.001 -20"><span class='ocrx_word' id='word_1_223' title='bbox 126 2526 191 2577; x_wconf 88' lang='lat' dir='ltr'>suut</span> <span class='ocrx_word' id='word_1_224' title='bbox 209 2519 315 2576; x_wconf 90' lang='lat' dir='ltr'>ceteris</span> <span class='ocrx_word' id='word_1_225' title='bbox 329 2516 469 2590; x_wconf 84' lang='lat' dir='ltr'>inflexae,</span> <span class='ocrx_word' id='word_1_226' title='bbox 492 2515 599 2574; x_wconf 88' lang='lat' dir='ltr'>racemi</span> <span class='ocrx_word' id='word_1_227' title='bbox 621 2524 730 2576; x_wconf 86' lang='lat' dir='ltr'>stantes</span> <span class='ocrx_word' id='word_1_228' title='bbox 749 2534 784 2576; x_wconf 92' lang='lat' dir='ltr'>ac</span> <span class='ocrx_word' id='word_1_229' title='bbox 805 2516 942 2576; x_wconf 86' lang='lat' dir='ltr'>subrecti.</span> <span class='ocrx_word' id='word_1_230' title='bbox 975 2527 1004 2576; x_wconf 87' lang='lat' dir='ltr'>et</span> <span class='ocrx_word' id='word_1_231' title='bbox 1026 2535 1123 2595; x_wconf 86' lang='lat' dir='ltr'>quam·</span> 
     </span>
     <span class='ocr_line' id='line_1_29' title="bbox 127 2599 1124 2676; baseline 0 -17"><span class='ocrx_word' id='word_1_232' title='bbox 127 2617 210 2676; x_wconf 91' lang='lat' dir='ltr'>quam</span> <span class='ocrx_word' id='word_1_233' title='bbox 223 2600 345 2658; x_wconf 89' lang='lat' dir='ltr'>omnium</span> <span class='ocrx_word' id='word_1_234' title='bbox 355 2599 526 2660; x_wconf 86' lang='lat' dir='ltr'>hederarum</span> <span class='ocrx_word' id='word_1_235' title='bbox 538 2601 640 2674; x_wconf 85' lang='lat' dir='ltr'>generi</span> <span class='ocrx_word' id='word_1_236' title='bbox 651 2599 785 2660; x_wconf 88' lang='lat' dir='ltr'>radicosa</span> <span class='ocrx_word' id='word_1_237' title='bbox 793 2600 941 2676; x_wconf 91' lang='lat' dir='ltr'>bracchia,</span> <span class='ocrx_word' id='word_1_238' title='bbox 950 2601 1018 2660; x_wconf 89' lang='lat' dir='ltr'>huic</span> <span class='ocrx_word' id='word_1_239' title='bbox 1027 2609 1124 2662; x_wconf 85' lang='lat' dir='ltr'>tamen</span> 
     </span>
     <span class='ocr_line' id='line_1_30' title="bbox 85 2681 1123 2762; baseline -0.001 -17"><span class='ocrx_word' id='word_1_240' title='bbox 85 2693 134 2745; x_wconf 74' lang='lat'>152</span> <span class='ocrx_word' id='word_1_241' title='bbox 144 2699 275 2742; x_wconf 86' lang='lat' dir='ltr'>maxume</span> <span class='ocrx_word' id='word_1_242' title='bbox 298 2699 411 2742; x_wconf 90' lang='lat' dir='ltr'>ramosa</span> <span class='ocrx_word' id='word_1_243' title='bbox 435 2700 469 2741; x_wconf 94' lang='lat' dir='ltr'>ac</span> <span class='ocrx_word' id='word_1_244' title='bbox 488 2681 624 2756; x_wconf 86' lang='lat' dir='ltr'>robusta,</span> <span class='ocrx_word' id='word_1_245' title='bbox 648 2683 684 2743; x_wconf 90' lang='lat' dir='ltr'>ab</span> <span class='ocrx_word' id='word_1_246' title='bbox 706 2701 741 2743; x_wconf 91' lang='lat' dir='ltr'>ea</span> <span class='ocrx_word' id='word_1_247' title='bbox 761 2685 871 2761; x_wconf 81' lang='lat' dir='ltr'>nigrae.</span> <span class='ocrx_word' id='word_1_248' title='bbox 906 2684 960 2744; x_wconf 91' lang='lat' dir='ltr'>sed</span> <span class='ocrx_word' id='word_1_249' title='bbox 974 2685 1123 2762; x_wconf 88' lang='lat' dir='ltr'>proprium</span> 
     </span>
     <span class='ocr_line' id='line_1_31' title="bbox 126 2764 1159 2845; baseline 0.002 -19"><span class='ocrx_word' id='word_1_250' title='bbox 126 2767 210 2827; x_wconf 87' lang='lat' dir='ltr'>albae</span> <span class='ocrx_word' id='word_1_251' title='bbox 227 2765 305 2843; x_wconf 93' lang='lat' dir='ltr'>quod</span> <span class='ocrx_word' id='word_1_252' title='bbox 319 2767 395 2824; x_wconf 86' lang='lat' dir='ltr'>iuter</span> <span class='ocrx_word' id='word_1_253' title='bbox 412 2764 506 2824; x_wconf 88' lang='lat' dir='ltr'>media</span> <span class='ocrx_word' id='word_1_254' title='bbox 521 2764 591 2823; x_wconf 89' lang='lat' dir='ltr'>lolia</span> <span class='ocrx_word' id='word_1_255' title='bbox 607 2767 708 2826; x_wconf 83' lang='lat' dir='ltr'>emittit</span> <span class='ocrx_word' id='word_1_256' title='bbox 731 2766 867 2827; x_wconf 87' lang='lat' dir='ltr'>bracchia</span> <span class='ocrx_word' id='word_1_257' title='bbox 890 2768 1032 2845; x_wconf 79' lang='lat' dir='ltr'>utrimque</span> <span class='ocrx_word' id='word_1_258' title='bbox 1047 2786 1122 2827; x_wconf 87' lang='lat' dir='ltr'>sam·</span> <span class='ocrx_word' id='word_1_259' title='bbox 1132 2788 1159 2828; x_wconf 83' lang='lat' dir='ltr'>ao</span> 
     </span>
     <span class='ocr_line' id='line_1_32' title="bbox 126 2847 1123 2928; baseline -0.002 -18"><span class='ocrx_word' id='word_1_260' title='bbox 126 2869 180 2927; x_wconf 90' lang='lat' dir='ltr'>per</span> <span class='ocrx_word' id='word_1_261' title='bbox 193 2849 384 2928; x_wconf 88' lang='lat' dir='ltr'>amplectens,</span> <span class='ocrx_word' id='word_1_262' title='bbox 404 2847 460 2907; x_wconf 92' lang='lat' dir='ltr'>hoc</span> <span class='ocrx_word' id='word_1_263' title='bbox 476 2854 506 2905; x_wconf 85' lang='lat' dir='ltr'>et</span> <span class='ocrx_word' id='word_1_264' title='bbox 521 2848 549 2905; x_wconf 91' lang='lat' dir='ltr'>in</span> <span class='ocrx_word' id='word_1_265' title='bbox 563 2850 660 2923; x_wconf 92' lang='lat' dir='ltr'>muris,</span> <span class='ocrx_word' id='word_1_266' title='bbox 678 2853 806 2927; x_wconf 89' lang='lat' dir='ltr'>quamvis</span> <span class='ocrx_word' id='word_1_267' title='bbox 821 2849 929 2910; x_wconf 89' lang='lat' dir='ltr'>ambire</span> <span class='ocrx_word' id='word_1_268' title='bbox 944 2867 1002 2909; x_wconf 91' lang='lat' dir='ltr'>nou</span> <span class='ocrx_word' id='word_1_269' title='bbox 1018 2853 1123 2928; x_wconf 84' lang='lat' dir='ltr'>possit.</span> 
     </span>
     <span class='ocr_line' id='line_1_33' title="bbox 125 2929 1125 3012; baseline 0.001 -19"><span class='ocrx_word' id='word_1_270' title='bbox 125 2935 220 3012; x_wconf 84' lang='lat' dir='ltr'>itaque</span> <span class='ocrx_word' id='word_1_271' title='bbox 239 2934 323 2992; x_wconf 86' lang='lat' dir='ltr'>etiam</span> <span class='ocrx_word' id='word_1_272' title='bbox 338 2930 468 3012; x_wconf 88' lang='lat' dir='ltr'>pluribus</span> <span class='ocrx_word' id='word_1_273' title='bbox 484 2929 557 2988; x_wconf 88' lang='lat' dir='ltr'>locis</span> <span class='ocrx_word' id='word_1_274' title='bbox 572 2931 707 2992; x_wconf 87' lang='lat' dir='ltr'>intercisa</span> <span class='ocrx_word' id='word_1_275' title='bbox 721 2934 791 2993; x_wconf 87' lang='lat' dir='ltr'>vivit</span> <span class='ocrx_word' id='word_1_276' title='bbox 807 2943 901 2992; x_wconf 90' lang='lat' dir='ltr'>tamen</span> <span class='ocrx_word' id='word_1_277' title='bbox 917 2933 1076 3012; x_wconf 88' lang='lat' dir='ltr'>duratque,</span> <span class='ocrx_word' id='word_1_278' title='bbox 1095 2942 1125 2994; x_wconf 87' lang='lat' dir='ltr'>et</span> 
     </span>
     <span class='ocr_line' id='line_1_34' title="bbox 125 3012 1123 3095; baseline 0.001 -20"><span class='ocrx_word' id='word_1_279' title='bbox 125 3017 243 3076; x_wconf 86' lang='lat' dir='ltr'>tolidem</span> <span class='ocrx_word' id='word_1_280' title='bbox 259 3017 337 3076; x_wconf 87' lang='lat' dir='ltr'>initia</span> <span class='ocrx_word' id='word_1_281' title='bbox 351 3015 480 3076; x_wconf 89' lang='lat' dir='ltr'>radicum</span> <span class='ocrx_word' id='word_1_282' title='bbox 494 3012 581 3072; x_wconf 84' lang='lat' dir='ltr'>habet</span> <span class='ocrx_word' id='word_1_283' title='bbox 596 3024 666 3091; x_wconf 90' lang='lat' dir='ltr'>quot</span> <span class='ocrx_word' id='word_1_284' title='bbox 681 3015 834 3091; x_wconf 89' lang='lat' dir='ltr'>bracchia,</span> <span class='ocrx_word' id='word_1_285' title='bbox 854 3017 957 3095; x_wconf 91' lang='lat' dir='ltr'>quibus</span> <span class='ocrx_word' id='word_1_286' title='bbox 970 3017 1123 3077; x_wconf 84' lang='lat' dir='ltr'>incolumis</span> 
     </span>
     <span class='ocr_line' id='line_1_35' title="bbox 125 3098 1124 3176; baseline 0.002 -18"><span class='ocrx_word' id='word_1_287' title='bbox 125 3106 154 3158; x_wconf 92' lang='lat' dir='ltr'>et</span> <span class='ocrx_word' id='word_1_288' title='bbox 169 3098 261 3158; x_wconf 91' lang='lat' dir='ltr'>solida</span> <span class='ocrx_word' id='word_1_289' title='bbox 276 3099 398 3158; x_wconf 90' lang='lat' dir='ltr'>arbores</span> <span class='ocrx_word' id='word_1_290' title='bbox 411 3098 488 3174; x_wconf 86' lang='lat' dir='ltr'>sugit</span> <span class='ocrx_word' id='word_1_291' title='bbox 504 3114 539 3155; x_wconf 91' lang='lat' dir='ltr'>ac</span> <span class='ocrx_word' id='word_1_292' title='bbox 552 3099 719 3176; x_wconf 85' lang='lat' dir='ltr'>strangulat.</span> <span class='ocrx_word' id='word_1_293' title='bbox 751 3109 796 3161; x_wconf 91' lang='lat' dir='ltr'>est</span> <span class='ocrx_word' id='word_1_294' title='bbox 810 3102 838 3158; x_wconf 89' lang='lat' dir='ltr'>iu</span> <span class='ocrx_word' id='word_1_295' title='bbox 850 3100 945 3160; x_wconf 83' lang='lat' dir='ltr'>fructu</span> <span class='ocrx_word' id='word_1_296' title='bbox 960 3100 1124 3161; x_wconf 77' lang='lat' dir='ltr'>differentia</span> 
     </span>
     <span class='ocr_line' id='line_1_36' title="bbox 125 3180 1159 3262; baseline 0.003 -20"><span class='ocrx_word' id='word_1_297' title='bbox 125 3180 209 3242; x_wconf 87' lang='lat' dir='ltr'>albae</span> <span class='ocrx_word' id='word_1_298' title='bbox 225 3183 384 3262; x_wconf 77' lang='lat' dir='ltr'>nigraeque</span> <span class='ocrx_word' id='word_1_299' title='bbox 399 3182 537 3254; x_wconf 88' lang='lat' dir='ltr'>hederae,</span> <span class='ocrx_word' id='word_1_300' title='bbox 551 3184 683 3258; x_wconf 91' lang='lat' dir='ltr'>quoniam</span> <span class='ocrx_word' id='word_1_301' title='bbox 699 3184 762 3244; x_wconf 91' lang='lat' dir='ltr'>aliis</span> <span class='ocrx_word' id='word_1_302' title='bbox 778 3192 855 3243; x_wconf 84' lang='lat' dir='ltr'>tauta</span> <span class='ocrx_word' id='word_1_303' title='bbox 871 3183 1029 3244; x_wconf 72' lang='lat' dir='ltr'>amaritudo</span> <span class='ocrx_word' id='word_1_304' title='bbox 1047 3186 1122 3244; x_wconf 88' lang='lat' dir='ltr'>acini</span> <span class='ocrx_word' id='word_1_305' title='bbox 1132 3200 1159 3245; x_wconf 81' lang='lat' dir='ltr'>os</span> 
     </span>
    </p>
   </div>
   <div class='ocr_carea' id='block_1_3' title="bbox 123 3261 1123 3512">
    <p class='ocr_par' dir='ltr' id='par_1_3' title="bbox 123 3261 1123 3512">
     <span class='ocr_line' id='line_1_37' title="bbox 124 3261 1123 3345; baseline 0.002 -20"><span class='ocrx_word' id='word_1_306' title='bbox 124 3274 155 3325; x_wconf 85' lang='lat' dir='ltr'>ut</span> <span class='ocrx_word' id='word_1_307' title='bbox 171 3283 240 3326; x_wconf 86' lang='lat' dir='ltr'>aves</span> <span class='ocrx_word' id='word_1_308' title='bbox 255 3283 312 3324; x_wconf 92' lang='lat' dir='ltr'>uon</span> <span class='ocrx_word' id='word_1_309' title='bbox 326 3268 472 3343; x_wconf 76' lang='lat' dir='ltr'>attingant.</span> <span class='ocrx_word' id='word_1_310' title='bbox 503 3261 556 3324; x_wconf 80' lang='lat' dir='ltr'>Est</span> <span class='ocrx_word' id='word_1_311' title='bbox 571 3274 601 3325; x_wconf 88' lang='lat' dir='ltr'>et</span> <span class='ocrx_word' id='word_1_312' title='bbox 615 3267 712 3345; x_wconf 82' lang='lat' dir='ltr'>rigens</span> <span class='ocrx_word' id='word_1_313' title='bbox 726 3268 836 3327; x_wconf 88' lang='lat' dir='ltr'>hedera</span> <span class='ocrx_word' id='word_1_314' title='bbox 852 3284 927 3345; x_wconf 88' lang='lat' dir='ltr'>quae</span> <span class='ocrx_word' id='word_1_315' title='bbox 949 3267 1012 3326; x_wconf 90' lang='lat' dir='ltr'>siue</span> <span class='ocrx_word' id='word_1_316' title='bbox 1034 3266 1123 3327; x_wconf 86' lang='lat' dir='ltr'>admi·</span> 
     </span>
     <span class='ocr_line' id='line_1_38' title="bbox 123 3349 1122 3428; baseline 0.002 -20"><span class='ocrx_word' id='word_1_317' title='bbox 123 3349 220 3410; x_wconf 90' lang='lat' dir='ltr'>niculo</span> <span class='ocrx_word' id='word_1_318' title='bbox 236 3357 293 3409; x_wconf 88' lang='lat' dir='ltr'>stat</span> <span class='ocrx_word' id='word_1_319' title='bbox 314 3349 376 3411; x_wconf 89' lang='lat' dir='ltr'>sola</span> <span class='ocrx_word' id='word_1_320' title='bbox 392 3350 516 3410; x_wconf 89' lang='lat' dir='ltr'>omnium</span> <span class='ocrx_word' id='word_1_321' title='bbox 530 3367 678 3428; x_wconf 82' lang='lat' dir='ltr'>generum,</span> <span class='ocrx_word' id='word_1_322' title='bbox 695 3350 733 3410; x_wconf 93' lang='lat' dir='ltr'>ob</span> <span class='ocrx_word' id='word_1_323' title='bbox 748 3351 777 3410; x_wconf 95' lang='lat' dir='ltr'>id</span> <span class='ocrx_word' id='word_1_324' title='bbox 788 3359 892 3411; x_wconf 86' lang='lat' dir='ltr'>vocata</span> <span class='ocrx_word' id='word_1_325' title='bbox 906 3351 1016 3426; x_wconf 85' lang='lat' dir='ltr'>cissos,</span> <span class='ocrx_word' id='word_1_326' title='bbox 1046 3370 1063 3410; x_wconf 92' lang='lat' dir='ltr'>e</span> <span class='ocrx_word' id='word_1_327' title='bbox 1080 3351 1122 3410; x_wconf 92' lang='lat' dir='ltr'>di-</span> 
     </span>
     <span class='ocr_line' id='line_1_39' title="bbox 124 3431 900 3512; baseline 0 -20"><span class='ocrx_word' id='word_1_328' title='bbox 124 3451 211 3494; x_wconf 87' lang='lat' dir='ltr'>verso</span> <span class='ocrx_word' id='word_1_329' title='bbox 227 3451 378 3512; x_wconf 87' lang='lat' dir='ltr'>numquam</span> <span class='ocrx_word' id='word_1_330' title='bbox 392 3433 446 3492; x_wconf 88' lang='lat' dir='ltr'>uisi</span> <span class='ocrx_word' id='word_1_331' title='bbox 461 3431 536 3490; x_wconf 88' lang='lat' dir='ltr'>humi</span> <span class='ocrx_word' id='word_1_332' title='bbox 551 3450 658 3511; x_wconf 89' lang='lat' dir='ltr'>repens</span> <span class='ocrx_word' id='word_1_333' title='bbox 676 3434 900 3494; x_wconf 89' lang='lat' dir='ltr'>chamaecissos.</span> 
     </span>
    </p>
   </div>
   <div class='ocr_carea' id='block_1_4' title="bbox 0 0 1216 3840">
    <p class='ocr_par' dir='ltr' id='par_1_4' title="bbox 0 0 1216 3840">
     <span class='ocr_line' id='line_1_40' title="bbox 0 0 1216 3840; baseline 0 1"><span class='ocrx_word' id='word_1_334' title='bbox 0 0 1216 3840; x_wconf 95' lang='lat' dir='ltr'> </span> 
     </span>
    </p>
   </div>
  </div>
 </body>
</html>
