2422 3840
111 191 131 249 4
422 203 453 252 C.
466 205 561 252 PLINI
577 204 727 253 SECUNDI

84 357 215 434 sprocul
233 375 320 435 supra
336 357 419 417 dictis
435 355 560 419 Chaucis
581 360 658 419 circa
680 360 752 420 duos
773 359 933 437 praecipue
954 357 1045 419 lacus.
1080 358 1113 419 li·

109 448 173 499 tora
189 441 252 518 ipsa
263 441 393 518 optinent
407 460 533 521 quercus
544 461 675 503 maxuma
686 443 821 504 aviditate
833 441 983 517 nascendi,
996 441 1113 503 subfos-

112 540 222 601 saeque
237 523 370 585 ductibus
385 534 433 585 aut
448 526 606 605 propulsae
623 526 737 587 datibus
752 535 850 586 vastas
874 525 1021 603 conplexu
1037 524 1112 585 radi·

113 624 175 664 oum
193 607 282 668 silvas
299 626 398 669 secum
409 610 552 685 auferunt,
566 619 653 688 atque
665 611 705 671 ita
715 609 838 670 libratae
851 617 960 671 stantes
976 609 1112 686 navigant

110 690 266 765 ingentium
281 709 423 752 ramorum
438 695 638 769 armamentis,
658 711 750 772 saepe
771 694 880 753 territis
901 691 1045 752 classibus
1061 708 1133 754 no·n

111 773 189 850 stris,
203 792 266 833 cum
278 776 358 836 velut
370 776 506 837 industria
516 776 648 837 ductibus
657 785 814 854 agerentur
824 778 852 835 in
864 792 967 853 proras
980 776 1115 836 stantium

109 866 214 934 noctu,
235 859 398 938 inopesque
415 860 525 920 remedi
545 860 614 920 illae
628 860 772 939 proelium
786 859 891 919 navale
911 858 1053 920 adversus
1069 877 1113 920 ar-

109 940 198 999 bores
212 942 327 1004 inirent.

81 1027 99 1081 6
174 1023 202 1082 2.
246 1024 278 1084 ln
294 1027 396 1087 eadem
413 1027 633 1104 septentrionali
652 1026 745 1105 plaga
766 1024 930 1100 Hercyniae
951 1023 1045 1085 silvae
1066 1040 1113 1083 ro·

111 1106 213 1166 borum
236 1110 356 1169 vastitas
379 1111 485 1170 intacta
508 1112 589 1171 aevis
610 1120 639 1171 et
661 1110 815 1186 congenita
837 1109 941 1168 mundo
961 1122 1056 1186 prope
1072 1108 1113 1166 in·
1123 1128 1145 1169 ιι

111 1190 225 1251 mortali
243 1201 323 1253 sorte
338 1194 475 1254 miracula
492 1194 618 1255 excedit.
649 1203 679 1254 ut
700 1194 756 1254 alia
774 1193 939 1253 omittantur
960 1191 1017 1251 lide
1040 1190 1115 1251 cari·

110 1284 190 1351 tura,
218 1286 330 1337 constat
359 1278 452 1339 attolli
479 1279 564 1339 collis
584 1278 797 1339 occursantium
822 1277 898 1337 inter
925 1293 958 1335 se
984 1274 1115 1336 radicum

109 1376 286 1437 repercussu
309 1370 376 1440 aut,
404 1362 454 1421 ubi
477 1371 577 1423 secuta
598 1361 686 1422 tellus
709 1361 835 1436 nonsit,
862 1376 947 1420 arcus
962 1359 999 1419 ad
1017 1375 1115 1419 ramos

109 1460 203 1520 usque
225 1452 254 1502 et
275 1445 356 1522 ipsos
376 1448 451 1506 inter
473 1463 508 1506 se
528 1447 648 1507 rixantis
664 1445 778 1505 curvari
793 1453 940 1522 portarum
955 1442 1115 1520 patentium

109 1526 213 1604 modo,
235 1536 265 1586 ut
279 1537 386 1590 turmas
403 1530 530 1608 equitum
544 1531 751 1605 transmittant,
768 1528 797 1590 3.
812 1527 966 1604 glandiferi
980 1543 1113 1586 maxume
1124 1541 1144 1584 rr

108 1613 227 1686 generis
244 1629 355 1687 omnes,
373 1613 476 1692 quibus
490 1613 584 1674 honos
599 1613 676 1692 apud
688 1612 837 1673 Romanos
852 1618 1022 1690 perpetuus.

81 1697 97 1752 t
173 1697 203 1754 4.
222 1693 282 1778 (3.)
326 1695 400 1756 llinc
424 1698 534 1757 civicae
559 1714 703 1773 coronae,
725 1697 844 1756 militum
865 1693 979 1754 virtutis
998 1693 1113 1770 insigne

110 1776 314 1853 clarissimuin,
343 1781 398 1840 iam
420 1780 532 1859 pridem
550 1798 621 1839 vero
646 1789 675 1840 et
702 1780 874 1841 clementiae
895 1778 1113 1855 imperatorum,

18 1934 20 1936 V
109 1870 263 1939 postquam
285 1862 410 1922 civilium
429 1863 574 1923 bellorum
598 1864 722 1943 prolano
743 1863 874 1923 meritum
896 1861 995 1938 coepit
1020 1858 1114 1919 videri

111 1945 205 2003 civem
230 1963 288 2004 non
313 1947 462 2007 occidere.
509 1947 613 2008 cedunt
640 1949 685 2008 his
710 1947 836 2007 murales
864 1944 1053 2020 vallaresque
1085 1948 1144 2001 etas

110 2045 228 2103 aureae,
242 2046 412 2107 quamquam
427 2032 522 2109 pretio
543 2031 770 2107 antecedentes,
794 2029 900 2091 cedunt
912 2036 942 2087 et
955 2033 1113 2098 rostratae,

111 2112 239 2188 quamvis
254 2114 284 2171 in
298 2112 412 2173 duobus
426 2132 558 2175 maxume
574 2116 610 2175 ad
621 2116 678 2175 hoo
693 2115 758 2175 aevi
771 2112 919 2187 celebres,
931 2108 970 2169 tt.
980 2108 1114 2169 Varrone

112 2211 129 2253 e
144 2195 272 2272 piraticis
288 2195 374 2256 bellis
393 2198 478 2259 dante
494 2197 600 2276 lllagno
616 2198 767 2277 Pompeio,
783 2199 911 2274 itemque
926 2191 965 2252 tt.
982 2191 1115 2270 Agrippa

80 2278 257 2340 &tribuente
275 2277 404 2342 Caesare
420 2301 437 2342 e
449 2283 567 2359 Siculis,
580 2300 655 2360 quae
666 2291 696 2342 et
707 2283 770 2359 ipsa
781 2281 903 2360 piratica
913 2276 1007 2337 luere.
1030 2282 1115 2335 antea

109 2372 204 2423 rostra
219 2367 331 2425 navium
355 2366 490 2426 tribunali
505 2367 635 2444 praelixa
651 2366 708 2426 lori
724 2365 814 2425 decus
831 2370 931 2437 erant,
952 2358 1046 2420 veluti
1063 2368 1145 2436 pon

108 2447 178 2526 pulo
196 2446 326 2509 Romano
344 2451 401 2527 ipsi
418 2467 527 2510 corona
544 2450 679 2527 inposita.
703 2458 856 2526 postquam
866 2460 939 2505 vero
953 2440 1114 2504 tribuniciis

109 2530 300 2591 seditionibus
327 2533 434 2593 calcari
461 2550 496 2592 ac
516 2532 609 2611 pollui
629 2549 774 2612 coepere,
800 2539 953 2610 postquam
975 2526 1058 2587 vires
1078 2540 1114 2583 ex

109 2613 228 2690 publico
246 2616 275 2673 in
289 2617 431 2692 privatum
449 2617 496 2693 agi
519 2616 699 2694 singulisque
723 2616 826 2675 civium
848 2612 948 2692 quaeri
970 2619 1000 2671 et
1014 2622 1114 2669 sacro·

110 2699 203 2756 sancti
219 2698 313 2758 omnia
328 2699 451 2777 prolana
465 2701 578 2776 iacere,
594 2709 653 2760 tum
668 2718 685 2760 a
700 2698 823 2778 pedibus
839 2712 939 2756 eurum
954 2692 1073 2755 subiere
1087 2690 1116 2749 lu

110 2781 205 2858 capita
218 2782 321 2841 civium
335 2792 440 2843 rostra.
467 2782 547 2843 dedit
558 2783 632 2844 hauc
645 2788 793 2860 Augustus
807 2796 944 2841 coronam
951 2775 1145 2857 Agrippum

110 2864 164 2923 sed
183 2864 303 2926 civicam
319 2885 335 2926 a
350 2884 461 2943 genere
476 2867 599 2927 humano
618 2867 733 2945 accepit
748 2868 823 2944 ipse.

83 2955 101 3009 9
180 2948 244 3029 (4.)
289 2949 452 3028 Antiquitas
469 2949 584 3028 quidem
607 2950 685 3011 nulla
706 2950 762 3009 nisi
785 2948 841 3009 deo
857 2946 988 3008 dabatur.
1033 2943 1073 3004 ob
1088 2941 1117 3002 id

111 3028 254 3092 llomerus
271 3033 356 3094 caelo
373 3042 481 3094 tantum
498 3051 562 3093 eam
579 3042 608 3093 et
625 3034 740 3112 proelio
759 3033 896 3092 uniuerso
913 3026 1031 3103 tribuit,
1049 3026 1115 3086 riri·

110 3113 160 3171 tim
179 3132 251 3173 vero
274 3135 311 3176 ne
337 3118 365 3177 in
396 3117 553 3178 certamine
579 3116 694 3194 quidem
717 3116 784 3192 ulli,
812 3115 967 3192 feruntque
992 3111 1117 3189 primurn

111 3197 235 3256 omnium
256 3198 391 3260 Liberum
416 3210 529 3279 patrem
550 3201 716 3279 inposuisse
737 3199 823 3278 capiti
846 3213 900 3257 suo
928 3213 967 3256 ex
993 3193 1147 3256 hederate

111 3288 217 3358 postea
237 3281 356 3343 deorum
376 3284 480 3344 honori
501 3283 698 3346 sacrificantes
723 3299 874 3360 sumpsere
889 3278 1015 3341 victimis
1033 3275 1118 3339 simul

70 3375 104 3426 10
117 3366 273 3425 coronatis.
305 3369 461 3429 novissime
478 3378 507 3428 et
523 3369 551 3428 iu
566 3369 658 3428 sacris
671 3365 874 3427 certaminibus
892 3371 1068 3442 usurpatae,
1089 3361 1118 3420 iu

113 3447 218 3526 quibus
233 3449 378 3530 hodieque
393 3469 450 3512 non
463 3452 567 3514 victori
582 3450 665 3512 datur
680 3450 733 3511 sed
744 3450 865 3529 patriam
877 3447 965 3541 ab-eo
978 3444 1118 3509 coronari
