2422 3840
295 200 375 246 nau.
391 199 482 247 mrsu.
498 199 599 245 xvnr.
615 194 735 250 32-34.
753 182 906 266 (ts-tt.)
1039 187 1098 250 149

97 353 173 414 bunc
185 351 287 412 ltaliae
302 351 435 429 palmites
450 361 602 429 spectent,
625 353 678 412 sed
698 369 756 411 non
774 352 880 431 plagae
902 351 1037 413 arborum
1058 354 1099 412 vi·

96 440 214 497 tiumuc.
245 434 294 494 bic
309 435 404 494 olivae
417 436 550 495 timeatur
565 435 751 513 vergiliarum
768 436 937 513 quatriduo,
961 435 1037 495 bunc
1052 454 1097 496 ca·

97 528 165 580 neat
181 519 283 579 insitor
296 516 414 578 calamis
428 520 610 598 gemmisque
625 519 797 579 inaculatur.
816 518 862 578 De
874 520 937 598 ipsa
953 520 1082 596 regionis
1089 528 1141 583 330

97 605 159 663 eius
174 602 246 662 bora
260 602 479 680 praemonuisse
495 602 656 662 conveniat.
684 602 817 661 frondem
831 603 925 662 medio
940 603 996 677 die,
1014 601 1097 662 arbo·

71 696 186 762 arator,
199 703 236 745 ue
254 685 379 745 caedito.
411 701 476 744 cum
491 686 640 745 meridiem
655 686 761 746 adesse
777 687 898 760 senties,
917 694 1029 763 pastor,
1048 686 1096 745 a'e·

96 779 170 831 state
187 768 374 829 contrahente
391 785 425 827 se
442 768 554 845 umbra,
573 768 715 846 pecudem
730 786 747 826 e
764 768 828 827 sole
843 769 872 826 in
883 785 975 845 opaca
986 771 1094 844 cogito.

96 871 159 915 cum
184 860 296 913 aestate
317 868 440 929 pasces,
464 853 493 911 in
519 852 702 913 occidentem
727 859 828 928 specta
853 859 919 910 ante
939 851 1098 926 meridiem,

95 945 163 1018 post
187 935 337 994 meridiem
352 936 381 994 in
404 936 562 1012 orientem,
590 935 676 996 aliter
695 936 827 1010 noxium,
850 937 925 994 sicut
950 933 1045 993 bieme
1070 944 1099 994 et

96 1039 169 1081 vere
185 1019 210 1078 si
227 1019 255 1076 in
270 1018 448 1079 rorulentum
462 1019 562 1081 duces.
596 1038 633 1079 ne
650 1028 750 1079 contra
766 1019 994 1097 septentrionem
1010 1036 1112 1096 pave·.

62 1133 88 1174 ι,
100 1107 141 1164 ris
155 1119 243 1181 supra
259 1102 374 1161 dictum.
408 1102 560 1164 eludantur
573 1103 612 1163 ita
633 1103 794 1181 lippiuntve
809 1102 845 1163 ab
865 1102 971 1163 adllatu
988 1111 1017 1161 et
1032 1103 1098 1162 alvo

98 1191 154 1249 cita
169 1194 301 1266 pereunt.
334 1187 382 1263 qui
396 1186 516 1248 feminas
534 1187 650 1266 concipi
664 1186 750 1246 voles
764 1188 793 1245 in
807 1186 883 1246 hunc
899 1195 1014 1245 uentum
1029 1203 1096 1263 spe-

96 1271 202 1333 ctantis
218 1270 282 1328 iniri
300 1271 410 1345 cogito.

158 1353 208 1414 34.
231 1353 315 1431 (77.)
339 1353 379 1430 [1]
394 1352 525 1412 Diximus
542 1361 573 1410 ut
594 1353 622 1410 in
638 1352 731 1410 media
754 1353 821 1412 linia
838 1352 1140 1428 designaretursraeual

96 1436 258 1497 umbilicus.
277 1453 331 1512 per
344 1435 419 1494 bunc
433 1434 558 1495 medium
567 1443 698 1494 traversa
711 1442 808 1494 currat
824 1435 889 1494 alia.
906 1435 980 1494 baec
994 1437 1048 1494 erit
1061 1437 1096 1496 ab

62 1541 87 1582 ru
97 1528 200 1581 exortu
215 1517 420 1595 aequinoctiali
434 1517 470 1577 ad
486 1534 622 1578 occasum
637 1517 888 1594 aequinoctialem,
905 1527 935 1577 et
950 1518 1032 1576 limes
1050 1521 1097 1596 qui

96 1605 135 1663 ita
147 1600 259 1661 secabit
270 1618 370 1678 agrum
385 1599 559 1661 decumanus
571 1600 731 1660 vocabitur.
755 1601 894 1661 ducantur
906 1600 1010 1660 deinde
1022 1602 1097 1661 aliae

97 1687 170 1747 duae
184 1684 271 1744 liniae
287 1685 316 1742 in
331 1684 463 1744 decussis
479 1683 626 1762 obliquae,
645 1684 684 1743 ita
699 1691 730 1742 ut
745 1701 761 1744 a
774 1683 980 1761 septentrionis
997 1684 1097 1744 dextra

97 1771 239 1846 laevaque
260 1768 297 1828 ad
318 1769 406 1828 austri
429 1767 559 1829 dextram
580 1785 615 1826 ac
629 1767 742 1827 laevam
756 1767 944 1828 descendant.
973 1777 1076 1826 'omnes
1088 1775 1140 1829 332

97 1871 151 1932 per
169 1852 291 1912 eundem
309 1861 425 1912 currant
444 1851 626 1926 umbilicum,
654 1868 755 1911 omnes
777 1853 853 1911 inter
870 1869 903 1910 se
923 1869 1009 1928 pares
1030 1853 1096 1926 sint,

60 1938 222 2000 auumuium
246 1934 398 1996 intervalla
416 1937 505 2015 paria.
547 1953 622 2014 quae
637 1936 711 1995 ratio
734 1935 826 1995 semel
847 1936 876 1993 in
891 1951 1008 2013 quoque
1026 1952 1096 2012 agro

95 2019 219 2080 ineunda
234 2020 288 2079 erit
302 2018 367 2094 vel,
392 2021 417 2078 si
432 2020 550 2099 saepius
565 2019 656 2082 libeat
669 2021 720 2095 uti,
748 2037 765 2079 e
792 2020 871 2096 ligno
886 2018 1030 2093 iacienda,
1050 2036 1096 2078 re·

96 2104 172 2180 gulis
188 2102 307 2181 paribus
327 2104 356 2161 in
371 2111 535 2181 tympanum
555 2104 690 2180 exignum
710 2103 763 2163 sed
787 2103 954 2162 circinatum
976 2101 1094 2162 adactis.

96 2187 209 2245 ratione
225 2202 280 2262 qua
296 2185 391 2244 doceo
409 2186 620 2246 occurrendum
634 2186 758 2262 ingeniis
772 2202 888 2263 qnoque
908 2185 1095 2262 inperitorum

97 2277 152 2328 est.
183 2266 332 2327 meridiem
348 2270 444 2328 excuti
459 2268 568 2347 placet,
586 2269 719 2345 quoniam
735 2285 853 2344 semper
869 2267 944 2326 idem
960 2275 1015 2343 cst,
1031 2268 1076 2326 sul
1087 2278 1140 2332 333

61 2359 193 2415 arautem
209 2350 315 2410 cotidie
331 2368 369 2409 ex
388 2351 445 2410 alio
462 2351 538 2411 caeli
553 2359 697 2410 momento
719 2368 803 2426 quarn
823 2350 915 2427 pridie
936 2350 1040 2422 oritur,
1061 2368 1097 2408 ne

98 2435 161 2514 quis
177 2435 254 2496 forte
267 2433 303 2493 ad
319 2443 451 2495 exortum
472 2434 642 2511 capiendam
659 2442 741 2512 putet
764 2433 868 2492 liniam.
898 2431 940 2491 lta
957 2431 1031 2492 caeli
1046 2451 1095 2492 ex·

96 2527 161 2578 acta
175 2526 258 2597 parte
270 2517 348 2596 quod
365 2518 453 2577 luerit
472 2518 557 2578 liniae
578 2527 665 2594 caput
684 2517 875 2595 septentrioni
896 2533 1066 2595 proxumum
1081 2535 1097 2577 a

97 2611 180 2679 parte
195 2602 326 2660 exortiva
341 2601 523 2662 solstitialem
537 2600 653 2661 babebit
668 2609 817 2674 exortunr,
843 2599 900 2659 huc
926 2609 970 2659 est
988 2599 1096 2678 longis·

97 2684 161 2743 simi
176 2683 250 2758 diei,
271 2692 446 2762 ventumque
461 2684 627 2762 aquilonem
647 2685 756 2745 bureau
776 2682 895 2744 Graecis
912 2684 1026 2744 dictum.
1055 2686 1142 2747 ineos

61 2767 172 2830 auhunc
188 2768 286 2844 ponito
302 2767 424 2828 arbores
438 2769 574 2846 vitisque.
605 2769 658 2829 sed
674 2768 731 2828 hoc
752 2768 838 2827 ilante
854 2785 890 2827 ne
914 2776 1012 2842 arato,
1038 2768 1096 2827 iru-

97 2868 164 2928 gem
185 2868 222 2908 ne
241 2852 349 2927 serito,
370 2869 471 2912 semen
490 2870 527 2911 nc
548 2852 645 2912 iacito.
686 2852 872 2931 praestringit
895 2853 985 2927 eninr,
1009 2859 1096 2928 atque

95 2933 250 3013 praecellit
261 2934 308 2994 hic
319 2934 464 2995 radicibus
476 2935 611 2995 arborum
624 2951 694 3013 quas
706 2936 853 3013 positurus
866 2934 992 2994 adferes.
1014 2950 1097 3010 prae·

96 3018 200 3079 doctus
215 3027 295 3078 esto:
318 3018 375 3077 alia
392 3017 519 3078 robustis
538 3027 676 3097 prosunt,
697 3018 754 3078 alia
774 3018 940 3078 infantibus.
959 3050 1001 3060 -—
1019 3035 1074 3075 nec
1086 3027 1142 3081 335

97 3120 158 3160 sum
177 3100 285 3161 oblitus
305 3103 334 3161 in
353 3101 408 3161 bac
431 3111 513 3178 parte
541 3111 656 3162 ventum
676 3100 796 3161 Graecis
822 3103 892 3179 poni
920 3118 1005 3178 quein
1032 3118 1096 3159 eac·

61 3185 162 3244 asciam
186 3195 300 3245 vocant.
346 3184 398 3244 sed
426 3185 502 3245 idem
522 3184 716 3263 Aristoteles,
750 3186 793 3244 uir
814 3187 962 3245 inmensae
987 3183 1097 3243 subtili-

96 3269 175 3344 tatis,
197 3269 287 3345 quiid
303 3269 397 3347 ipsum
412 3268 498 3343 iecit,
517 3270 659 3329 rationem
674 3270 865 3328 convexitatis
881 3267 976 3327 mundi
992 3266 1096 3341 reddit,

97 3366 154 3426 qua
179 3353 340 3413 contrarias
366 3352 463 3430 aquilo
488 3351 590 3412 Africo
618 3351 809 3412 dat-nec
831 3362 1010 3412 tamencum
1035 3357 1097 3407 toto

98 3448 172 3493 anno
187 3436 216 3494 in
227 3430 384 3514 praedictis
398 3438 480 3497 timet
494 3435 633 3514 agricola.
655 3435 781 3497 mollitur
796 3435 895 3496 sidere
909 3441 1026 3492 aestate
1036 3449 1106 3487 me·
