2422 3840
78 199 159 247 nar.
176 198 266 246 uren.
287 199 371 244 xvu.
394 193 615 248 at—xv111.1.
640 184 740 269 (xv11.
751 196 926 250 tit-xum.
947 193 988 268 1.)
1011 191 1051 253 93

58 356 138 413 iuxta
148 353 178 411 in
188 370 273 412 unum
287 352 381 411 locum
394 359 573 428 congregant
584 361 632 410 aut
648 352 745 429 lupino
762 355 829 413 trito
849 373 911 414 cum
927 355 994 414 olco
1007 374 1051 416 ra-

59 435 140 496 dices
158 436 256 495 linunt.
289 435 367 495 multi
383 444 413 495 et
429 435 522 512 talpas
540 452 655 495 amurca
675 445 793 512 necant,
813 446 972 516 contraque
987 456 1051 497 uru-

60 537 121 593 cas,
134 527 164 578 et
174 517 247 578 mala
261 537 297 578 ne
306 527 484 597 putrescant,
498 517 601 576 lacerti
612 519 711 578 viridis
727 518 799 577 felle
813 522 891 597 tangi
906 522 1052 582 cacumina

58 602 174 677 iubent,
194 603 323 680 privatim
336 612 431 663 autem
447 609 546 660 contra
557 619 661 662 urucas
676 602 776 661 ambiri
791 602 912 663 arbores
924 605 1052 682 singulas

32 703 76 746 ea
93 685 212 744 muliere
228 687 335 746 incitati
351 684 475 758 mensis,
491 684 572 743 nudis
587 684 725 762 pedibus,
744 685 881 745 recincta.
909 688 977 746 item
994 705 1031 746 ne
1042 695 1095 752 267

60 767 137 847 quod
148 768 251 828 animal
263 777 348 845 pastu
361 767 495 828 maleiieo
509 766 648 845 decerpat
665 767 812 843 frondem,
829 768 894 828 iimo
914 768 1001 828 boum
1012 771 1052 830 di·

59 852 119 912 luto
132 852 231 928 spargi
242 849 330 924 iolia,
350 851 483 928 quotiens
497 852 589 911 imber
604 851 791 925 interveniat,
811 852 943 929 quoniam
955 852 1052 912 ablua-

57 944 104 994 tur
114 936 154 995 ita
165 936 244 993 virus
256 933 468 1008 medicaminis,
484 935 554 994 mira
570 934 710 1012 quaedam
722 936 909 1010 excogitante
921 935 1053 994 sollertia

58 1018 195 1091 bumana,
215 1018 323 1094 quippe
339 1035 401 1076 cum
418 1018 510 1076 averti
526 1017 680 1094 grandines
693 1018 818 1077 carmine
835 1017 954 1078 credant
965 1019 1054 1095 pleri·

24 1118 50 1161 ro
60 1117 128 1178 que,
136 1102 217 1160 cuius
227 1099 319 1160 verba
330 1102 462 1159 inserere
472 1117 530 1160 non
541 1101 675 1178 equidem
686 1101 765 1159 serio
778 1101 877 1176 ausim,
885 1119 1054 1178 quamquam

59 1203 76 1244 a
88 1180 198 1244 Catone
213 1182 335 1262 proditis
348 1193 447 1242 contra
457 1182 554 1244 luxata
565 1183 692 1243 membra
710 1183 854 1258 iungenda
868 1183 1055 1244 harundinum

58 1267 189 1327 fissurae.
224 1267 299 1326 idem
315 1265 436 1326 arbores
452 1267 607 1344 religiosas
624 1266 767 1343 lucosque
787 1267 896 1327 succidi
913 1269 1053 1344 permisit,

58 1351 202 1410 sacrificio
213 1351 293 1426 prius
305 1349 400 1423 iacto,
420 1350 499 1408 cuius
517 1351 560 1408 rei
576 1351 716 1408 rationem
733 1352 991 1426 precationemque
1004 1369 1054 1411 eo·

58 1432 123 1492 dem
134 1433 279 1493 volumine
291 1431 416 1491 tradidit.

445 1668 653 1678 -—-—.

324 1867 358 1949 G.
388 1866 534 1949 Pttut
562 1865 792 1950 suuutot

166 2035 537 2132 intuentis
577 2035 954 2131 fllttuulnt

378 2210 731 2274 cinnanum.

124 2497 195 2576 Gap.
214 2499 240 2557 1.
265 2497 422 2580 (Secti.)
446 2499 582 2576 Sequitur
602 2507 703 2558 natura
724 2499 836 2574 frugum
854 2497 1087 2574 hortorumquel

62 2600 97 2643 ac
111 2582 212 2641 dorum
234 2600 366 2659 quaeque
383 2582 439 2642 alia
460 2590 576 2660 practer
592 2582 712 2641 arbores
737 2591 785 2640 aut
799 2581 918 2640 frutices
935 2581 1059 2657 benigna

61 2664 167 2724 tellure
182 2667 364 2741 proveniunt,
381 2664 429 2724 vel
441 2683 495 2743 per
509 2682 543 2724 se
557 2673 664 2723 tantum
678 2665 832 2725 herbarum
846 2666 974 2724 inmensa
990 2681 1057 2722 con·

26 2745 267 2824 cotemplatiune,
288 2749 313 2807 si
337 2749 400 2826 quis
422 2750 553 2809 aestimet
576 2749 761 2823 varietatem,
778 2765 940 2822 numerum,
958 2747 1059 2822 dores,

63 2831 172 2890 odores
188 2830 364 2907 coloresque
388 2840 418 2891 et
440 2849 528 2892 sucos
550 2849 586 2891 ac
607 2833 676 2891 viris
695 2849 793 2891 earum
811 2848 882 2908 quas
898 2830 997 2889 salutis
1012 2838 1060 2888 aut

62 2914 219 2990 voluptatis
247 2914 391 2974 bominum
422 2917 514 2993 gratia
539 2915 639 2992 gignit.
685 2932 741 2993 qua
767 2916 796 2974 in
826 2922 909 2992 parte
940 2913 1060 2990 primum

63 2998 187 3058 omnium
217 2998 393 3074 patrocinari
424 3007 521 3058 terrae
559 3006 587 3058 et
616 2998 720 3058 adesso
750 3007 917 3057 cunctorum
949 2995 1061 3074 parenti

61 3083 154 3157 iuvet,
172 3099 341 3159 quamquam
356 3083 430 3139 inter
450 3083 527 3142 initia
549 3081 647 3158 operis
665 3081 814 3141 defensae.
849 3078 1093 3164 quorriam„,²,r„‚2

26 3175 158 3226 ettamen
179 3166 242 3243 ipsa
262 3165 382 3225 materia
401 3165 533 3224 accendit
554 3165 629 3223 intus
648 3164 684 3225 ad
703 3164 915 3242 reputationem
933 3163 1062 3223 eiusdem

64 3250 200 3328 parientis
214 3258 243 3309 et
257 3251 354 3324 noxia,
369 3248 475 3307 nostris
487 3265 551 3307 eam
568 3247 732 3307 criminibus
748 3265 904 3324 urguemus
921 3255 1060 3304 nostram·

64 3350 120 3410 que
135 3332 247 3409 culpam
263 3333 305 3393 iili
318 3334 486 3409 inputamus.
516 3331 615 3407 genuit
628 3349 751 3391 venena.
779 3331 880 3408 ecquis
891 3329 998 3388 invenit
1012 3326 1062 3385 illa

63 3423 181 3492 praeter
196 3412 360 3476 bominem?
389 3432 494 3475 cavere
509 3431 545 3474 uc
558 3414 697 3491 reingere
715 3413 831 3475 alitibus
846 3412 975 3486 ferisque
992 3410 1063 3467 satie
