2422 3840
114 182 179 244 292
467 197 498 245 c.
516 197 612 245 entur
626 197 776 246 aeonum

114 347 146 410 et¹
157 350 259 410 ulcera
273 358 369 424 sanat,
394 351 461 410 item
480 351 598 429 pusulas
614 361 642 412 et
663 353 815 413 ductiones
832 355 990 431 sanguinis.
1029 373 1128 432 genas

113 435 199 494 duras
215 433 334 492 emollit
365 433 447 492 datur
469 441 532 495 cnm
548 453 605 495 ovo
628 436 673 495 bis
694 437 742 513 qui
764 437 931 513 sanguinem
950 439 1127 515 reieceriut,

113 520 141 577 in
154 518 272 576 vesicae
288 533 361 577 vero
379 516 482 577 dolore
506 520 652 578 semuncia
672 519 758 593 amyli
773 538 836 580 cum
850 537 908 579 ovo
924 530 953 580 et
974 525 1058 600 passi
1076 525 1128 586 tri·

112 601 166 659 bus
180 601 245 659 ovis
258 600 475 661 subfervefacta
488 620 505 662 a
521 602 648 663 balineo.
679 604 784 681 quiuet
798 620 945 688 avenacea
960 605 1066 672 terna
1074 607 1127 669 de-

112 693 197 744 cocta
212 685 240 742 in
255 695 340 744 aceto
356 701 466 744 naevos
482 685 568 745 tollit.
1137 713 1165 754 5

71 777 121 832 138
184 766 270 846 (68.)
294 768 378 829 Panis
390 769 466 828 hic
458 786 521 847 rpse
537 785 601 847 qno
616 770 744 829 vivitnr'
735 788 898 830 innumeras
915 784 1010 849 paene
1029 777 1127 834 conti·

111 861 160 912 net
174 852 340 912 medicinas
370 871 407 911 ex
421 870 495 930 aqua
511 862 541 913 et
556 852 624 914 oleo
642 861 690 912 aut
706 871 830 914 rosaceo
849 854 943 915 mollit
966 856 1127 918 collectio·

49 956 50 959 ¹
111 954 180 1012 nes,
183 981 186 987 ,
206 955 245 995 er
266 954 340 1014 aqna
355 936 447 1009 mulsa
462 937 581 996 duritias
595 936 681 997 valde
698 937 818 1015 mitigat.
851 937 934 998 datur
948 958 987 999 ex
1000 941 1071 1000 vino
1089 942 1128 1004 ad

34 1054 40 1062 -
111 1020 290 1080 discutienda
304 1029 353 1080 aut
372 1038 446 1096 quae
462 1021 635 1098 praestringi
651 1037 725 1098 opos
741 1023 778 1080 sit
799 1030 843 1098 et,
865 1022 890 1080 si
910 1025 1003 1100 magis
1021 1028 1127 1086 etiam

111 1122 193 1179 num,
220 1121 258 1162 eu
284 1112 386 1177 aceto,
412 1102 553 1162 adversus
581 1112 680 1162 acutas
706 1105 825 1181 pituitae
847 1104 1018 1183 ductiones,
1050 1124 1162 1188 quasso

112 1186 216 1247 Graeci
235 1186 455 1245 rheumatismos
469 1195 591 1262 vocant,
618 1187 686 1246 item
707 1187 743 1247 ad
764 1205 922 1267 percussa,
945 1191 1059 1251 lanta.
1089 1191 1129 1252 ad

112 1271 206 1331 omnia
221 1278 317 1329 antem
331 1269 535 1347 fermentatus,
552 1272 600 1347 qui
613 1280 734 1331 vocatur
749 1280 926 1349 autopyrus,
942 1274 1054 1334 utilior.
1082 1277 1127 1335 in·

112 1355 207 1414 linitur
222 1363 251 1413 et
266 1354 451 1431 paronychiis
471 1363 501 1413 et
516 1354 592 1415 callo
608 1354 734 1433 pedum
726 1373 755 1414 ιιι
769 1365 863 1414 aceto.
889 1366 974 1416 vetus
992 1367 1043 1419 aut
1055 1375 1131 1419 nau·

69 1448 120 1502 139
129 1441 203 1499 ticus
224 1440 306 1516 panis
328 1448 427 1497 tunsus
449 1447 536 1516 atque
557 1439 659 1498 iterum
682 1446 784 1498 coctus
805 1439 880 1499 sistit
894 1440 1000 1500 alvom.
1024 1444 1125 1502 vocis

111 1522 248 1582 studiosis
264 1530 293 1581 et
310 1530 410 1581 contra
426 1521 637 1582 destillationes
652 1522 760 1582 siccum
781 1540 849 1581 esse
864 1525 957 1602 primo
981 1524 1051 1585 cibo
1069 1529 1166 1586 uti-1⁵·

112 1607 249 1666 lissimum
274 1614 328 1664 est.
362 1606 496 1680 sitanius,
514 1605 573 1665 boc
592 1614 638 1665 est
661 1623 678 1664 e
694 1606 846 1681 trimestri,
866 1607 984 1667 incussa
998 1609 1028 1667 in
1044 1609 1126 1671 iacie

111 1698 159 1749 aut
175 1690 362 1766 desquamata
384 1707 447 1747 cum
465 1689 552 1748 melle
575 1690 723 1767 aptissime
739 1698 829 1748 curat.
866 1691 1005 1750 candidus
1020 1696 1126 1770 aegris

112 1792 186 1852 aqua
202 1774 295 1833 calida
311 1772 454 1849 frigidave
469 1772 648 1832 madefactus
669 1772 846 1833 levissimum
866 1772 960 1834 cibum
984 1775 1124 1854 praebet.

111 1858 262 1917 oculorum
276 1858 379 1916 tumori
396 1874 433 1915 ex
449 1857 516 1915 vino
531 1857 691 1935 inponitur,
714 1857 758 1915 sic
776 1865 806 1916 et
826 1857 937 1935 pusulis
953 1860 1062 1938 capitis
1076 1869 1126 1927 aut

79 1975 90 1992 κ
112 1941 224 2001 adiecta
245 1940 324 1999 arida
345 1949 450 2013 myrto.
490 1939 626 1998 ,tremulis
645 1957 750 2017 panem
772 1958 810 1999 ex
830 1958 904 2018 aqna
925 1958 996 2001 esse
1016 1944 1160 2007 ieiunism

110 2026 205 2083 statim
222 2042 239 2083 a
254 2022 377 2082 balineis
392 2021 598 2082 demonstrant.
637 2024 705 2100 quin
724 2032 753 2082 et
767 2025 939 2101 gravitatem
954 2025 1081 2087 odorum
1096 2027 1127 2085 in

111 2107 251 2167 cubiculis
268 2114 348 2166 ustus
365 2106 497 2166 emendat
512 2108 613 2166 etvini
629 2109 656 2166 in
672 2123 776 2167 saccos
793 2107 915 2167 additus.

70 2201 121 2256 lto
181 2191 271 2290 ο(69.)
292 2189 329 2250 Et
348 2189 414 2250 faba
432 2191 594 2250 auxiliatur.
625 2209 748 2267 namque
755 2191 864 2251 solida
879 2190 963 2253 fricta
985 2190 1125 2253 fervens·

89 2277 208 2366 quein
223 2293 291 2336 acre
302 2283 415 2335 acetum
428 2276 560 2334 coniecta
571 2274 740 2334 torminibus
751 2274 927 2334 moderna·
917 2293 947 2333 ιιι
957 2274 1026 2335 cibo
1043 2277 1127 2338 fresa

112 2369 219 2420 etcum
242 2361 299 2420 alio
317 2367 401 2417 cocta
423 2367 522 2418 contra
537 2358 705 2436 deploratas
725 2359 813 2418 tussis
834 2359 1161 2440 suppurationesquess

111 2453 263 2522 pectorum
289 2443 432 2502 cotidiano
460 2442 526 2500 cibo
547 2443 684 2516 sumitur,
711 2450 741 2500 et
767 2441 1031 2502 conmanducata
1021 2446 1126 2504 ieiuno

111 2545 163 2588 ore
179 2529 262 2587 etiam
279 2527 315 2585 ad
330 2521 498 2585 furunculos
512 2524 696 2584 maturandos
711 2523 971 2585 discutiendosve
960 2529 1125 2607 inponitur,

65 2620 120 2675 <141
135 2613 186 2694 et
178 2628 207 2669 ιιι
218 2612 286 2669 vino
299 2610 422 2669 decocta
438 2609 474 2668 ad
488 2610 603 2668 testium
616 2617 754 2685 tumores,
771 2608 806 2668 ad
817 2609 963 2686 genitalia.
991 2609 1126 2672 lomento

112 2690 229 2774 quoqne
246 2711 284 2752 ex
298 2703 382 2754 aceto
399 2692 524 2752 decocta
541 2701 669 2751 tumores
684 2702 804 2752 maturat
819 2702 905 2770 atque
920 2695 1033 2771 aperit,
1054 2697 1127 2755 item

110 2777 267 2856 livoribus,
289 2776 447 2836 combustis
460 2776 600 2835 medetur.
629 2776 697 2835 voci
715 2794 777 2836 eam
797 2777 939 2855 prodesse
954 2786 1062 2838 auctor
1080 2789 1162 2842 esta

110 2861 148 2920 tl.
163 2862 267 2922 Varro.
296 2859 444 2919 Fabalinm
460 2861 545 2919 etiam
560 2860 784 2937 siliquarumque
801 2862 872 2921 ciuis
888 2861 925 2920 ad
939 2863 1127 2923 coxendices

112 2955 141 3005 et
163 2947 198 3006 ad
218 2960 371 3004 nervorum
394 2953 512 3002 veteres
535 2943 653 3002 dolores
674 2960 738 3002 cnm
760 2944 852 3022 adipis
872 2943 950 3004 suilli
972 2954 1127 3008 vetustate

112 3030 241 3108 prodest.
276 3037 304 3088 et
321 3045 375 3106 per
391 3045 422 3086 se
440 3027 566 3086 cortices
582 3026 699 3087 decocti
717 3027 752 3087 ad
768 3029 868 3103 tertias
892 3028 995 3087 sistunt
1010 3029 1125 3092 alvom.

70 3121 120 3176 ma
185 3112 270 3192 (70.)
293 3111 367 3172 Lens
390 3120 505 3190 optuma
528 3129 602 3189 quae
622 3111 759 3171 facillime
782 3113 915 3190 coquitur
933 3120 965 3171 et
986 3131 1023 3173 ea
1046 3131 1127 3192 quae

111 3215 242 3257 maxume
266 3213 367 3273 aquam
388 3193 536 3254 absorbet.
576 3196 667 3255 aciem
684 3196 799 3272 quidem
819 3194 969 3256 oculorum
986 3196 1162 3259 obtunditos

112 3290 141 3341 et
155 3279 332 3341 stomachum
354 3279 448 3352 indat,
472 3278 523 3338 sed
544 3278 640 3338 alvom
659 3280 733 3338 sistit
750 3281 777 3338 in
795 3278 861 3339 cibo
880 3280 1033 3359 magisque
1054 3298 1125 3343 cae

111 3366 178 3426 lesti
199 3382 272 3445 aqua
295 3365 441 3440 discocta,
467 3363 569 3422 eadam
591 3363 678 3423 solvit
699 3364 789 3423 minus
810 3372 960 3442 percocta.
999 3365 1128 3442 pusulas

103 3452 236 3514 ulcerum
258 3450 380 3534 rumpit,
404 3464 531 3531 eaquae
551 3449 626 3507 intra
641 3449 680 3506 'os
696 3455 760 3505 sunt
783 3456 887 3525 purgat
907 3456 936 3506 et
955 3445 1126 3527 adstringit
