2422 3840
110 183 171 242 214
445 187 748 238 c.ru1rr1sncorrnr

111 349 232 409 tormina
248 362 365 424 quoque
384 352 414 404 et
432 344 630 404 intestinorum
651 343 781 403 dolores.
815 351 1014 403 verumtamen
1033 359 1125 402 omne

69 442 121 496 160
132 431 274 511 pallorem
291 427 456 488 bibentibus
471 428 573 505 gignit.
604 429 643 487 ita
659 435 739 487 certe
760 426 855 486 lerunt
878 425 964 486 Porci
984 425 1124 486 Latronis

112 515 184 575 clari
200 516 274 572 inter
288 514 445 589 magistros
461 511 576 571 dicendi
590 510 792 571 adsectatores
805 509 1019 570 similitudinem
1038 511 1124 570 colo·

110 599 151 657 ris
174 597 276 657 studiis
298 598 440 656 contracti
462 597 588 655 imitatos
609 604 638 654 et
658 594 745 673 paulo
768 602 834 654 ante
848 591 951 653 lulium
965 593 1126 654 Vindicem

111 683 292 751 adsertorem
311 680 392 740 illum
419 699 436 740 a
456 678 575 739 Nerone
599 678 741 739 libertatis
767 679 925 755 captationi
950 680 1151 739 teetamentit

112 767 154 824 sic
176 765 379 826 lenocinatum.
416 765 526 824 narium
546 764 713 840 sanguinem
735 761 859 840 pastillis
875 761 994 822 inditum
1013 762 1070 822 vel
1088 781 1128 822 ex

112 859 198 910 aceto
219 867 324 909 recens
346 849 421 908 sistit
439 857 469 906 et
491 847 640 907 oculorum
661 846 811 926 epiphoris
832 864 887 924 per
904 863 937 905 se
953 847 1126 925 inpositum,

112 932 285 992 tumentibus
308 949 371 991 cum
393 930 481 990 melle
506 930 637 1009 prodest.
670 928 825 990 infantibus
842 929 942 1008 inponi
965 931 994 989 iu
1016 939 1126 991 ventre

71 1027 120 1081 161
133 1018 203 1076 satis
226 1026 280 1076 est.
332 1014 434 1074 morbo
464 1016 547 1091 regio
575 1016 604 1072 in
632 1015 699 1073 vino
730 1013 799 1074 albo
827 1032 844 1075 a
873 1013 997 1074 balineis
1027 1014 1126 1091 datur,

114 1100 163 1159 15.
186 1099 391 1178 Aethiopicum
409 1116 540 1157 maxume
556 1098 585 1157 in
601 1114 692 1176 posue
714 1107 744 1156 et
764 1099 793 1156 in
807 1097 925 1175 ligmate
941 1116 1007 1157 curu
1021 1098 1126 1159 melle.
1137 1111 1158 1152 tt

112 1183 251 1243 Africano
283 1183 416 1261 privatim
451 1183 551 1241 urinae
583 1182 817 1241 incontinentiam
848 1180 980 1242 cohiberi
1011 1191 1127 1260 putant.

113 1267 236 1325 satiram
265 1266 347 1326 datur
377 1265 412 1326 ad
437 1266 574 1326 iocineris
599 1266 667 1326 vitia
693 1274 816 1340 tostum,
844 1265 940 1324 tritum
965 1267 997 1325 in
1025 1276 1128 1342 aceto,

113 1351 180 1408 item
210 1349 251 1409 'ad
281 1351 471 1427 vertiginem,
501 1351 537 1409 iis
562 1365 634 1409 vero
660 1365 734 1426 quos
760 1349 857 1409 acrior
883 1349 964 1408 urina
991 1351 1130 1411 mordeat

112 1435 142 1492 in
167 1433 244 1494 dulci
264 1435 375 1509 tritum,
398 1434 434 1494 ad
455 1433 606 1493 volvarum
626 1433 695 1493 vitia
720 1435 748 1492 iu
769 1435 853 1508 vino,
877 1440 1061 1513 praeterque
1086 1437 1128 1494 in·

39 1564 42 1568 ,
113 1517 218 1594 positis
244 1518 358 1579 vellere
382 1517 477 1594 loliis,
506 1518 621 1577 testium
647 1515 806 1576 tumoribus
831 1526 937 1578 tostum
964 1519 1127 1597 tritumque
1138 1533 1158 1574 a

72 1611 122 1664 162
135 1619 197 1661 eum
224 1602 312 1662 melle
336 1611 384 1662 aut
409 1620 473 1662 cum
493 1618 619 1662 rosaceo
644 1609 673 1660 et
696 1617 773 1661 cera.
807 1601 944 1661 silvestre
967 1601 1130 1682 adomnia

115 1685 218 1746 eadem
234 1686 399 1761 efficacius,
416 1694 572 1764 praeterea
587 1684 623 1745 ad
638 1686 785 1764 serpentis
801 1701 866 1745 cum
881 1685 968 1760 oleo,
986 1685 1024 1746 ad
1044 1705 1128 1748 scor-

67 1783 71 1788 ·
114 1769 235 1847 pinnas,
265 1770 489 1847 scolopendras.
528 1770 602 1829 sistit
624 1777 653 1828 et
677 1770 862 1829 vomitionem
882 1770 1066 1848 nausiasque
1093 1790 1130 1832 ex

114 1854 181 1920 vino
211 1861 346 1929 quantum
377 1852 622 1929 adprehenderint
647 1861 708 1911 tres
733 1852 824 1929 digiti.
876 1860 1000 1932 propter
1027 1855 1129 1916 colum

115 1953 232 2013 quoque
257 1935 362 1995 bibitur
380 1935 565 2013 inliniturque
587 1935 636 1994 vel
656 1935 801 2014 penicillis
817 1937 936 1997 fervens
955 1936 1158 2015 adprimiturn

118 2019 228 2078 fasciis.
266 2019 512 2095 strangulationes
527 2019 634 2079 volvae
653 2029 754 2097 potum
776 2021 805 2079 in
826 2023 893 2080 vino
916 2023 1012 2098 aperit
1033 2023 1129 2083 tribus

116 2101 260 2162 drachmis
276 2102 306 2160 in
320 2103 411 2162 tribus
427 2104 539 2178 cyathis
555 2104 622 2163 vini.
654 2103 770 2163 auribus
787 2104 941 2165 instillatur
958 2104 997 2164 ad
1013 2108 1130 2166 sonitus

115 2194 202 2264 atque
218 2187 334 2246 tinnitus
350 2205 413 2246 oum
430 2187 504 2247 sebo
519 2187 640 2249 vitulino
656 2188 705 2248 rel
721 2187 818 2248 melle.
850 2188 1014 2266 suggillatis
1033 2191 1129 2250 inlini·

114 2278 160 2329 tur
183 2289 246 2330 cum
271 2271 409 2331 melleet
431 2289 486 2332 uva
510 2289 597 2350 passa
622 2281 652 2332 et
672 2280 777 2349 aceto,
806 2273 937 2350 lentigini
960 2273 1070 2349 nigrae
1092 2293 1130 2334 en

114 2363 211 2414 aceto.
1136 2369 1158 2409 aa

73 2448 125 2503 163
186 2437 271 2520 (58.)
304 2438 358 2498 Est
380 2440 491 2498 cumino
511 2439 685 2500 simillimum
705 2438 782 2516 quod
800 2438 905 2500 Graeci
926 2447 1038 2499 vocant
1061 2443 1128 2502 ami.

116 2522 231 2600 quidam
246 2540 319 2583 vero
337 2521 543 2602 Aethiopicum
560 2524 701 2583 cuminum
714 2523 742 2583 id
758 2539 826 2582 esse
841 2524 1016 2583 existimant.
1058 2523 1130 2604 llip·

115 2614 261 2682 poerates¹
272 2608 385 2684 regium
400 2606 547 2686 appellat,
569 2606 708 2668 videlicet
724 2609 789 2687 quia
805 2607 954 2668 efficacius
970 2605 1129 2686 Aegyptio

113 2688 260 2749 iudicavit.
290 2691 425 2770 plerique
443 2691 560 2752 alterius
574 2701 693 2752 naturae
707 2693 736 2751 in
750 2700 841 2752 toturn
855 2699 970 2770 putant,
988 2693 1130 2770 qnoniam

116 2771 153 2830 sit
176 2772 280 2832 exilius
302 2782 331 2833 et
348 2774 504 2834 candidius.
528 2775 628 2834 similis
644 2783 738 2835 autem
755 2783 785 2835 et
798 2774 865 2836 huic
880 2792 959 2838 usus.
999 2785 1160 2856 namquetv

117 2865 146 2915 et
161 2855 283 2933 panibus
296 2856 502 2916 Alexandrinis
518 2857 659 2918 subicitur
674 2867 703 2917 et
719 2858 908 2919 condimentis
919 2859 1129 2937 interponitur.

74 2948 125 3001 164
137 2940 300 3001 inflationes
331 2949 361 3001 et
384 2941 506 3002 tormina
538 2941 669 3018 discutit,
699 2943 796 3003 urinas
822 2951 853 3002 et
880 2950 1027 3002 menstrua
1059 2945 1130 3020 ciet,

117 3024 290 3101 suggillata,
319 3024 469 3084 oculorum
499 3025 657 3104 epiphoras
682 3026 811 3104 mitigat,
845 3044 910 3086 cum
935 3025 986 3085 lini
1014 3029 1131 3087 semine

116 3109 303 3186 scorpionum
324 3111 398 3169 ictus
420 3109 449 3167 iu
473 3111 540 3171 vino
561 3119 661 3188 potum
678 3111 823 3172 drachmis
844 3108 956 3170 duabus
975 3110 1131 3189 privatim-

116 3209 173 3269 que
192 3201 369 3252 cerastarum
387 3210 450 3253 cum
466 3195 529 3272 pari
545 3196 680 3274 portione
694 3211 817 3254 murrae.
857 3193 989 3254 colorem
1005 3203 1162 3276 qnoquett

94 3274 275 3358 ibibentium
300 3276 432 3337 similiter
456 3286 544 3339 mutat
569 3279 596 3336 in
625 3279 779 3357 pallorem.
824 3278 949 3352 suffitum
976 3294 1044 3338 cnm
1073 3298 1132 3341 uva

116 3377 204 3438 passa
229 3369 276 3421 aut
300 3363 396 3422 resina
413 3361 529 3423 volvam
545 3371 660 3440 purgat.
696 3361 811 3422 tradunt
826 3361 940 3421 facilius
962 3364 1132 3443 concipere

111 3460 167 3503 eas
182 3462 259 3523 qnae
275 3445 434 3507 odorentur
448 3444 476 3506 id
493 3463 548 3526 per
563 3447 678 3507 coitum.
