2422 3840
130 177 191 242 188
473 191 504 242 c.
520 192 617 240 emm
636 191 786 240 sncnnnr

129 347 207 426 qnod
226 346 330 407 Graeci
345 347 535 425 sympathiam
554 355 582 406 et
598 344 783 424 antipathiam
797 346 1005 424 appellavere,
1026 349 1133 426 quihus

129 439 231 490 cuncta
251 439 398 505 constant,
422 431 497 508 ignis
512 431 594 509 aquis
609 429 871 507 restinguentihns,
890 447 979 508 aquas
997 431 1130 492 solede-

127 523 265 588 vorante,
290 513 356 573 luna
373 516 521 592 pariente,
545 514 637 574 altero
653 513 773 573 alterins
793 513 893 572 iniuria
916 513 1068 574 deficiente
1091 516 1129 574 si·

83 607 101 659 ²
128 597 209 658 dere.
254 604 360 676 atque,
379 606 411 656 ut
431 615 446 657 a
468 597 682 657 sublimioribus
700 597 887 672 recedamus,
910 595 1018 656 ferrum
1040 598 1129 658 adse

125 680 258 741 trahente
275 689 410 759 magnete
428 681 524 760 lapide
540 690 571 741 et
585 681 642 741 alio
655 698 753 740 rursus
768 680 904 757 abigente
920 697 936 739 a
952 697 1036 754 sese,
1060 682 1157 742 ada-⁵

126 773 220 824 manta
236 781 321 843 opum
335 765 486 843 gaudium,
504 764 667 842 infragilem
684 765 759 824 omni
779 773 878 824 cetera
892 764 921 823 vi
938 773 965 823 et
980 763 1127 840 invictum,

128 849 268 925 sauguine
284 848 396 909 hircino
412 859 579 926 rumpente,
603 866 738 927 quaeque
760 848 816 908 alia
834 848 862 906 in
879 848 938 907 snis
953 847 1026 907 locis
1048 846 1127 906 dice-

126 949 190 990 mus
207 935 286 1011 paria
301 932 351 992 vel
366 933 474 992 maiora
490 934 602 991 miratu.
625 941 731 991 tantum
749 933 832 990 venia
850 932 887 990 sit
901 948 917 991 ιι
934 930 1062 990 minumis
1075 929 1127 989 sed

127 1033 143 1075 a
160 1015 333 1076 salutaribus
349 1015 471 1076 ordienti
483 1016 662 1093 primumque
675 1012 711 1072 ah
728 1013 894 1072 hortensiis.

83 1107 181 1162 snas
212 1097 283 1176 Gap.
303 1099 330 1156 1.
348 1097 412 1176 (2.)
435 1094 582 1156 cucumim
599 1097 763 1156 silvestrem
781 1113 849 1155 esse
875 1096 1013 1170 diximus,
1037 1096 1129 1156 multo
1140 1115 1167 1155 ro

126 1181 199 1240 inira
213 1180 437 1257 magnitudinem
453 1180 546 1240 sativi.
578 1195 666 1239 exeo
684 1179 714 1238 lit
729 1179 966 1238 medicamentum
983 1180 1060 1257 quod
1076 1198 1129 1239 vo·

128 1272 208 1324 catur
224 1263 374 1324 elaterium
391 1280 462 1323 suco
479 1279 623 1343 expresso
640 1264 757 1339 semini,
781 1264 861 1322 cuius
882 1279 970 1322 causa
992 1264 1046 1322 nisi
1069 1283 1128 1324 ma·

125 1349 217 1408 turius
233 1346 383 1424 incidatur,
400 1365 502 1407 semen
516 1347 613 1408 exsilit
627 1347 777 1407 oculorum
793 1348 878 1406 etiam
892 1346 1035 1425 periculo.
1067 1366 1127 1406 ser-

126 1440 209 1492 vatur
228 1437 322 1491 antem
338 1429 494 1512 decerptus
510 1449 565 1492 una
577 1441 674 1508 nocte,
689 1440 809 1509 postero
821 1430 868 1491 die
879 1429 1012 1491 inciditur
1025 1431 1128 1490 harun-

126 1515 202 1577 dine.
241 1532 340 1575 semen
361 1533 480 1596 quoqne
503 1517 602 1576 cinere
626 1514 758 1577 conditur
784 1513 821 1574 ad
846 1514 1038 1574 coercendam
1065 1515 1128 1573 suci
1139 1530 1165 1571 rs

126 1598 343 1676 abundantiam,
373 1601 422 1679 qui
444 1617 604 1679 expressus
626 1599 782 1677 suscipitur
802 1616 876 1677 aqua
898 1598 1020 1659 caelesti
1040 1606 1130 1676 atque

128 1681 266 1758 subsidit,
287 1683 392 1744 deinde
416 1684 481 1744 sole
504 1684 618 1761 cogitur
638 1684 667 1742 in
688 1682 821 1761 pastillos
836 1683 873 1743 ad
887 1698 1007 1759 magnos
1023 1689 1128 1739 morte·

127 1766 196 1827 lium
220 1784 307 1842 usus,
333 1766 527 1827 obscuritates
544 1774 573 1827 et
587 1765 656 1825 vitia
671 1766 837 1840 oculorum,
860 1781 998 1841 genarum
1016 1764 1128 1823 ulcera.

83 1857 102 1912 4
127 1847 255 1909 'l'radunt
269 1848 327 1908 hoc
348 1866 419 1909 suco
437 1850 520 1908 tactis
535 1848 680 1908 radicibus
697 1849 794 1907 vitium
813 1865 870 1907 non
885 1847 985 1923 attingi
1000 1865 1072 1906 uvas
1090 1847 1128 1906 ab

128 1927 239 1993 avibus.
276 1932 359 1991 radix
378 1941 471 1990 autem
488 1949 525 1990 ex
541 1940 625 1991 aceto
646 1938 731 1991 cocta
747 1930 886 2008 podagris
902 1930 1028 1989 inlinitur
1042 1949 1128 1990 suco·
1138 1945 1166 1985 ao

128 2033 185 2094 que
202 2015 325 2073 dentium
344 2014 437 2074 dolori
458 2015 606 2090 medetur,
629 2014 708 2074 arida
728 2031 792 2072 cum
813 2015 909 2073 resina
928 2015 1129 2092 impetiginem

128 2107 158 2159 et
178 2095 305 2156 scabiem
327 2115 461 2176 quaeque
482 2114 599 2177 psoram
621 2105 652 2157 et
674 2096 805 2157 lichenas
822 2106 945 2172 vocant,
967 2098 1129 2176 parotidas,

126 2199 219 2261 panos
234 2190 317 2241 sanat
332 2191 361 2241 et
377 2182 559 2242 cicatricibus
576 2182 706 2242 colorem
723 2182 829 2259 reddit,
846 2191 875 2242 et
890 2181 1024 2242 loliorum
1040 2199 1129 2240 sucus

126 2265 243 2327 auribus
260 2265 353 2326 surdis
372 2285 434 2326 cnm
451 2276 535 2327 aceto
552 2266 714 2326 instillatur.

83 2363 101 2416 ὁ
194 2351 256 2431 (3.)
286 2349 417 2411 Elaterio
439 2351 630 2429 tempestivos
653 2357 699 2408 est
722 2358 872 2423 autumno,
901 2366 956 2407 nec
977 2347 1065 2408 ullum
1090 2367 1130 2409 ex
1139 2362 1166 2402 aa

125 2436 342 2494 medicamentis
357 2435 491 2511 longiore
505 2448 579 2494 aevo
596 2433 687 2492 durat.
721 2432 821 2509 incipit
834 2449 850 2490 a
865 2432 988 2491 trimatu.
1022 2432 1047 2489 si
1063 2434 1130 2509 quis

127 2518 294 2578 recentiore
321 2519 361 2577 uti
385 2517 473 2593 velit,
500 2516 635 2594 pastillos
659 2515 687 2574 in
711 2531 789 2574 novo
814 2514 895 2575 lictili
917 2514 976 2591 igni
997 2514 1077 2573 lento
1099 2517 1131 2575 in

126 2609 212 2661 aceto
230 2600 335 2661 domet.
369 2601 471 2660 melius
490 2618 547 2679 quo
562 2598 716 2674 vetustius,
734 2596 844 2676 luitque
860 2599 915 2657 iam
931 2599 1062 2658 ducentis
1079 2616 1129 2658 an·

126 2684 170 2743 nis
185 2692 347 2759 servatum,
363 2693 394 2744 nt
409 2694 511 2744 arrotor
526 2692 572 2743 est
586 2681 822 2760 Theophrastus,
841 2691 977 2759 eiusque
993 2683 1028 2742 ad
1046 2685 1129 2760 quin-

128 2768 328 2846 quagesimum
339 2767 519 2827 lucernarum
534 2766 638 2827 lumina
655 2766 820 2843 exstinguit.
844 2766 902 2826 hoo
914 2768 987 2825 enim
1000 2768 1062 2825 veri
1076 2785 1128 2827 ex·
1140 2778 1167 2821 ao

127 2853 318 2929 perimentum
334 2858 394 2928 est,
418 2852 443 2910 si
458 2851 602 2910 admotum
625 2851 705 2927 prius
725 2867 808 2927 quam
831 2851 996 2928 exstinguat
1018 2851 1130 2910 scintil-

83 2941 102 2997 6
125 2934 188 2995 lare
205 2953 317 2994 sursum
339 2953 374 2995 ac
398 2934 532 2995 deorsum
554 2942 650 3011 cogat.
687 2933 824 3012 pallidum
845 2951 879 2994 ac
894 2933 962 2993 leve
979 2933 1130 2994 herbaceo

126 3034 162 3077 ac
176 3018 282 3078 scabro
301 3019 404 3078 melius
426 3036 461 3079 ac
481 3018 588 3078 leniter
609 3035 744 3077 amarum.
779 3026 879 3096 putant
901 3026 1059 3097 conceptus
1079 3018 1129 3078 ad·

125 3101 216 3161 iuvari
232 3101 390 3179 adalligato
404 3103 524 3177 semine,
539 3103 564 3160 si
577 3110 684 3162 terram
699 3118 757 3160 non
773 3103 909 3179 attigerit,
929 3111 1027 3182 partus
1043 3120 1128 3179 vero,

126 3185 152 3244 si
166 3185 194 3245 in
209 3186 306 3246 arietis
322 3186 387 3250 lana
402 3186 558 3264 adligatum
572 3185 719 3245 inscientis
734 3185 837 3245 lumbis
852 3186 947 3263 luerit,
964 3187 1002 3246 ita
1015 3195 1045 3245 ut
1056 3204 1125 3264 pro·
1137 3192 1165 3234 ⁸⁵

84 3276 101 3334 'l
127 3269 202 3331 tinus
227 3269 263 3330 ah
286 3271 371 3330 enixu
393 3271 520 3349 rapiatur
541 3278 622 3328 extra
643 3267 766 3329 domum.
805 3268 901 3348 Ipsum
923 3270 1061 3331 cucumim
1078 3273 1128 3348 qui

126 3355 308 3432 magnificant
321 3357 402 3415 nasci
417 3354 604 3433 praecipuum
619 3354 647 3413 in
661 3353 780 3428 Arabia,
795 3371 863 3413 mox
878 3355 905 3412 in
917 3352 1053 3427 Arcadia,
1070 3351 1129 3428 Cy·

35 3479 38 3483 -
115 3440 203 3499 renis
217 3439 267 3500 alii
282 3439 396 3500 tradunt
410 3439 531 3500 similem
543 3437 720 3515 heliotropio
733 3438 812 3497 cnins
824 3438 898 3527 inter
909 3435 979 3497 lolia
991 3443 1020 3496 et
1031 3453 1130 3498 ramos
