2422 3840
332 207 609 256 unu.n1su.xv1.
627 203 746 258 14—18.
772 195 926 274 (an—31.)
1063 198 1100 256 15

92 369 237 431 densitate
253 365 411 444 parietum,
433 362 531 421 virens
555 379 672 440 semper
693 379 728 422 ac
750 362 866 423 tonsile.
898 361 997 423 Buxos
1009 363 1097 439 Pyre·
1109 374 1143 430 71

91 451 175 513 nasis
200 467 235 509 ac
262 446 389 524 Cytoriis
417 445 562 506 montibus
589 445 720 524 pluruma
747 455 776 505 et
798 445 976 522 Berecyntio
996 457 1101 525 tractu,

93 534 273 594 crassissima
298 533 326 590 in
352 528 490 605 Corsica,
519 528 592 588 flore
618 545 676 589 non
702 531 885 608 spernendo,
913 549 989 609 quae
1012 550 1102 593 causa

92 616 287 697 amaritudinis
315 614 421 674 mellis.
468 630 568 673 semen
597 613 674 672 illins
697 615 808 673 cunctis
839 615 1029 675 animantibus
1056 617 1099 676 in·

70 703 194 761 enisum.
224 718 281 760 nec
308 701 336 758 in
360 696 484 776 Olympo
507 695 699 757 Macedoniae
725 697 882 774 gracilior,
908 700 962 759 sed
988 699 1098 761 brevis.

92 792 168 846 amat
182 783 298 860 frigida,
313 783 422 860 aprica.
444 783 472 839 in
481 782 540 857 igni
556 798 674 860 quoque
690 781 794 840 duritia
810 780 892 857 ferri,
904 800 960 841 nec
974 783 1097 859 flamma,

91 887 148 929 nec
165 866 295 928 carbone
312 865 400 926 utilis.

154 952 202 1010 17.
227 949 312 1029 (29.)
337 948 417 1008 luter
432 949 486 1010 bas
502 959 589 1027 atquc
613 946 772 1026 frugiferas
792 950 920 1009 materie
938 949 1095 1029 vitiumque
1108 958 1142 1014 tn

91 1035 215 1096 amicitia
238 1035 379 1112 accipitur
403 1033 506 1093 ulmus.
540 1031 645 1094 (irasci
664 1032 721 1091 dno
746 1048 857 1108 genera
880 1035 943 1092 eius
969 1050 1097 1094 novere:

56 1127 273 1180 aomontuosam
298 1135 374 1197 qnae
402 1118 439 1177 sit
458 1117 600 1197 amplior,
629 1124 823 1195 campestrem
847 1134 922 1194 quae
946 1117 1097 1178 fruticosa.

90 1203 173 1264 ltalia
189 1200 301 1263 Atinias
319 1209 407 1261 vocat
423 1202 640 1262 excelsissimas
657 1208 687 1260 ct
703 1217 741 1260 ex
753 1199 798 1259 his
816 1201 950 1262 siccanas
968 1202 1099 1280 praefert

91 1303 166 1367 quae
178 1303 235 1345 non
249 1287 305 1344 sint
313 1286 424 1363 riguae,
438 1285 561 1345 alterurn
573 1303 666 1362 genus
675 1283 813 1360 Gallicas,
822 1287 938 1345 tertium
948 1288 1098 1361 nostratis,

25 1393 34 1406 ·
91 1369 228 1430 densiore
245 1369 317 1430 folio
338 1378 368 1429 et
384 1367 419 1428 ab
438 1370 543 1430 codem
564 1368 701 1447 pediculo
723 1369 944 1445 numerosiore,
966 1379 1099 1447 quartum

91 1454 237 1513 silvestre.
268 1453 384 1512 Atiniae
405 1469 463 1512 non
483 1453 579 1511 ferunt
602 1470 743 1512 samaram
764 1486 806 1495 —
827 1453 868 1512 ita
888 1462 1009 1513 vocatur
1030 1453 1099 1511 ulmi

55 1549 191 1597 1⁵semen
212 1571 264 1612 -,
286 1551 445 1612 omnesque
467 1536 595 1595 radicum
616 1535 722 1611 plantis
748 1536 939 1612 proveniunt,
965 1536 1098 1614 reliquae

91 1637 212 1680 semme.

157 1701 205 1764 18.
232 1702 316 1781 (30.)
341 1701 425 1762 Nunc
441 1700 641 1765 celeberrimis
657 1701 793 1762 arborum
809 1702 893 1762 dictis
909 1701 1051 1781 quaedam
1067 1705 1096 1762 in
1107 1711 1141 1768 ts

89 1788 255 1847 universum
272 1787 309 1847 de
329 1788 439 1847 cunctis
456 1786 608 1846 indicanda
629 1795 704 1846 sunt.
735 1785 842 1847 Montis
865 1795 959 1846 amant
980 1786 1097 1863 cedrus,

89 1872 175 1948 larix,
192 1871 277 1932 taeda
295 1880 324 1930 et
341 1880 460 1932 ceterae
476 1889 492 1930 e
508 1870 613 1951 quibus
628 1871 725 1930 resina
742 1871 880 1948 gignitur,
901 1872 971 1930 item
984 1870 1097 1948 aquifo-

52 1955 142 2031 aolia,
171 1954 281 2031 buxus,
310 1956 388 2031 ilex,
417 1956 573 2034 iunipirus,
601 1955 799 2032 terebinthus,
828 1955 971 2034 populus,
997 1971 1096 2030 ornus,

90 2040 233 2118 carpinus.
268 2047 313 2098 cst
328 2048 358 2098 et
372 2042 401 2098 in
415 2039 590 2117 Appennino
602 2040 699 2099 frutex
714 2041 762 2118 qui
777 2049 899 2100 vocatur
916 2041 1041 2115 cotinus,
1062 2039 1098 2098 ad

89 2123 242 2182 linamenta
257 2121 343 2180 modo
359 2123 494 2197 conchyli
507 2122 609 2182 colore
620 2124 751 2199 insignis.
773 2125 878 2183 montis
895 2134 923 2184 et
934 2124 1020 2184 vallis
1032 2122 1140 2187 dili-ra

87 2207 131 2287 git
147 2205 240 2283 abies,
256 2204 356 2281 robur,
375 2215 541 2281 castaneae,
556 2205 628 2281 tilia,
644 2206 715 2280 ilex,
732 2223 848 2266 cornus.
880 2210 999 2286 aquosis
1015 2224 1095 2266 mon-

88 2292 165 2353 tibus
178 2291 307 2370 gaudeut
319 2308 398 2366 acer,
411 2288 551 2366 fraxinus,
559 2288 676 2364 sorbus,
685 2289 757 2363 tilia,
767 2307 897 2354 cerasus.
915 2308 973 2349 non
984 2301 1096 2351 temere

51 2391 79 2432 2⁶
88 2379 117 2438 in
127 2375 273 2437 montibus
282 2375 363 2435 visae
375 2383 441 2434 sunt
453 2391 573 2453 prunus,
586 2374 720 2451 punicae,
728 2372 859 2448 oleastri,
872 2374 996 2450 iuglans,
1010 2374 1094 2448 mori,

89 2462 199 2522 sabuci.
237 2459 420 2520 descendunt
441 2467 470 2518 et
489 2460 518 2519 io
537 2458 624 2536 plana
645 2474 767 2534 cornus,
795 2459 931 2534 corylus,
957 2475 1094 2536 quercus,

90 2565 194 2621 ornus,
212 2562 298 2622 acer,
315 2545 463 2618 fraxinus,
479 2544 580 2620 fagus,
598 2542 743 2620 carpinus.
777 2540 900 2601 subeunt
923 2551 952 2602 et
972 2544 1001 2603 in
1015 2558 1094 2601 mon·

88 2639 173 2688 tuosa
187 2629 291 2703 ulmus,
307 2629 411 2704 malus,
428 2629 518 2706 pirus,
533 2627 642 2703 laurus,
658 2634 779 2703 myrtus,
796 2627 946 2703 sanguinei
961 2627 1094 2700 frutices,

89 2712 150 2772 ilex
165 2711 390 2789 tinguendisque
405 2711 537 2772 vestibus
555 2719 710 2771 nascentes
726 2710 870 2787 genistae.
893 2710 1000 2788 gaudet
1014 2710 1095 2786 frigi-

51 2807 80 2850 ³0
90 2796 134 2856 dis
150 2795 266 2871 sorbus,
282 2795 334 2855 sed
346 2797 438 2874 magis
451 2797 537 2856 etiam
554 2795 674 2855 betulia.
701 2792 812 2855 Gallica
824 2795 899 2855 haec
911 2793 999 2855 arbor
1010 2794 1092 2853 mira·
1103 2800 1136 2856 75

88 2879 140 2940 bili
163 2879 290 2940 candore
308 2887 395 2959 atque
415 2881 571 2955 tenuitate,
594 2879 734 2939 terribilis
757 2880 973 2955 magistratuum
992 2877 1092 2954 virgis.

89 2963 192 3024 eadem
209 2962 325 3023 circulis
342 2962 465 3040 flexilis,
487 2965 555 3023 item
574 2961 705 3023 'corbium
728 2964 828 3023 costis.
860 2961 988 3021 bitumen
1004 2978 1042 3021 ex
1059 2979 1094 3020 ea

89 3045 201 3109 Galliae
223 3055 377 3108 excocunt.
416 3046 448 3107 ln
470 3047 591 3108 eosdem
606 3048 678 3107 situs
699 3047 852 3107 comitatur
867 3055 897 3106 et
918 3046 1019 3125 spina,
1042 3063 1092 3104 nn-

87 3133 211 3210 ptiarum
221 3130 334 3191 facibus
343 3131 725 3211 auspicatissima,quoniam
737 3131 804 3191 inde
820 3130 946 3191 fecerint
958 3139 1092 3210 pastores

52 3231 79 3273 as
90 3217 138 3292 qui
153 3224 311 3296 rapuerunt
325 3214 459 3292 Sabinas,
475 3224 506 3275 ut
522 3225 624 3276 auctor
642 3224 687 3275 est
703 3213 856 3275 Masurius.
887 3233 963 3277 nunc
978 3213 1091 3275 facibus

89 3301 235 3379 carpinus,
253 3300 372 3376 corylus
387 3299 637 3360 familiarissimae.

151 3384 236 3464 (31.)
260 3384 361 3465 Aquas
377 3385 467 3446 odere
481 3385 625 3463 cupressi,
638 3383 801 3460 iuglandes,
818 3392 981 3452 castaneae,
995 3378 1090 3440 labur·
1100 3388 1135 3444 76

86 3484 161 3530 num.
190 3468 297 3548 Alpina
315 3478 344 3529 et
357 3469 432 3530 baec
449 3469 547 3544 arbor,
564 3486 620 3529 nec
633 3467 724 3544 volgo
739 3476 819 3543 nota,
836 3467 906 3528 dora
921 3483 956 3526 ac
972 3462 1092 3524 candida
