2422 3840
114 181 174 242 156
470 189 611 239 ornum
627 187 779 237 sucuro]

111 350 189 408 vitae
205 356 299 425 parte,
314 344 430 424 quodve
442 343 610 404 miraculum
621 344 720 420 maius,
734 339 853 403 herbam
865 359 932 401 esse
944 358 1021 419 quae
1031 339 1134 402 admo·

111 441 179 491 reat
196 431 364 508 Aegyptum
377 428 479 488 ltaliae
500 428 529 486 in
550 435 657 487 tautum
677 435 707 485 ut
722 424 854 486 Galerius
876 444 893 486 a
914 424 991 484 freto
1010 424 1136 485 Siciliae

113 513 318 575 Alexandriam
341 521 472 591 septumo
496 510 543 570 die
560 511 743 589 pervenerit,
762 508 901 569 Balhiiius
923 517 1024 585 sexto,
1043 507 1134 568 ambo

111 596 262 676 praefecti,
277 605 388 658 aestate
402 612 475 655 uero
494 612 635 673 proxuma
649 594 785 654 Valerius
801 593 946 654 Marianus
961 610 999 651 ex
1011 601 1131 671 praeto·

80 682 162 744 ortis
178 680 362 741 senatoribus
384 679 544 740 aPuteolis
565 695 642 739 nono
663 676 710 737 die
731 677 878 737 lenissimo
896 674 985 737 llatu‘l
1010 675 1158 736 herbamu

112 782 180 824 esse
204 782 278 842 quae
299 764 387 825 Gadis
409 763 445 824 ad
469 762 604 823 Herculis
626 762 774 822 columnas
797 769 929 840 septumo
954 759 1000 819 die
1021 758 1136 820 Ostiam

113 847 226 908 adierat
239 858 268 909 et
283 850 448 908 citeriorem
463 847 630 927 Hispaniam
641 855 753 924 quarto,
768 847 948 925 provinciam
959 841 1134 904 Narbonen-

113 950 176 992 sem
190 933 288 1008 tertio,
305 932 434 993 Africam
451 931 554 1007 altero,
570 929 747 1009 quodetiam
762 929 931 989 mollissimo
949 929 1020 989 llatu
1038 928 1133 987 conti·

112 1017 155 1093 git
171 1013 204 1075 c.
218 1015 321 1075 Flavio
336 1015 435 1091 legato
452 1014 521 1074 Vibi
540 1013 638 1093 crispi
656 1010 860 1092 proconsulis?
876 1012 970 1073 audax
981 1013 1048 1088 vita,
1064 1029 1134 1071 sce·

111 1101 203 1158 iermn
225 1099 326 1176 piena,
346 1096 455 1175 aliquid
477 1099 536 1157 seri
557 1107 587 1157 ut
603 1105 709 1157 ventos
729 1096 916 1174 procellasre
940 1096 1080 1174 recipiat,
1102 1103 1170 1154 etto

80 1194 96 1244 5
113 1199 214 1261 parum
227 1199 294 1241 esse
310 1181 444 1241 ductibus
460 1180 532 1241 solis
547 1180 628 1257 vehi,
643 1180 699 1240 iam
717 1198 788 1240 vero
806 1198 863 1240 nec
881 1180 950 1240 vela
969 1180 1040 1239 satis
1060 1197 1134 1238 esse

111 1267 220 1324 maiora
235 1265 369 1342 navigiis,
385 1264 448 1340 sed,
464 1266 594 1342 quamvis
609 1264 664 1324 vic
676 1263 850 1343 amplitudini
862 1273 1057 1324 antemnarum
1071 1263 1137 1321 sin·'

111 1347 199 1426 gulae
215 1347 339 1408 arbores
354 1349 514 1423 sufficiant,
536 1366 626 1427 super
644 1367 693 1408 eas
716 1356 811 1407 tamen
832 1346 897 1407 addi
918 1347 1051 1406 velorum
1072 1346 1132 1406 alia

111 1432 178 1491 vela
196 1442 372 1510 praeterque
386 1434 414 1492 in
435 1435 531 1510 proris
554 1440 584 1491 et
608 1432 664 1491 alia
690 1434 718 1491 in
739 1431 885 1510 puppibus
905 1429 1008 1509 pandi,
1030 1447 1065 1490 ao
1087 1436 1134 1488 tot

112 1515 206 1575 modis
224 1519 379 1595 provocari
400 1525 532 1576 mortem.
569 1515 694 1593 denique
719 1524 776 1575 tam
796 1533 889 1594 parvo
914 1515 1024 1574 semine
1046 1513 1170 1573 nascirs

113 1598 192 1677 quod
212 1600 313 1659 orbem
332 1610 472 1660 terrarum
494 1600 569 1659 ultro
595 1600 668 1659 citro
691 1608 805 1677 portet,
821 1607 878 1659 tam
898 1597 1001 1675 gracili
1022 1615 1132 1673 avena,

111 1691 168 1742 tam
184 1701 241 1743 non
257 1683 315 1743 alte
332 1703 347 1744 a
363 1685 471 1743 tellure
485 1683 564 1758 tolli,
589 1699 688 1760 neque·
700 1681 728 1741 id
748 1682 856 1742 viribus
880 1684 938 1742 suis
960 1683 1052 1757 neoti,
1075 1680 1133 1740 sed

111 1765 234 1826 fractum
251 1776 421 1844 tunsumque
436 1776 466 1826 et
480 1769 509 1825 in
522 1766 672 1825 mollitiem
691 1766 775 1826 lanae
796 1775 937 1826 coactum.
970 1767 1072 1825 iniuria
1094 1782 1133 1824 ao

81 1857 98 1911 6
114 1866 222 1909 summa
237 1848 356 1910 audacia
371 1858 415 1908 est
428 1850 462 1886 **
476 1850 640 1929 pervenire.
675 1848 751 1909 nulla
764 1851 928 1910 exsecratio
940 1849 1047 1908 suflicit
1059 1865 1132 1908 con·

70 1949 130 1992 reos
140 1943 183 1993 tra
194 1934 373 1992 inventorem
392 1933 497 1992 diotunr
512 1951 565 1993 suo
578 1932 647 1992 loco
659 1951 675 1993 a
689 1932 785 2010 nobis,
799 1935 925 1994 ouisatis
937 1932 1059 1992 nonfuit
1075 1931 1130 1992 bo·
1141 1950 1171 1991 ao

111 2019 215 2074 minem
236 2017 266 2074 in
293 2024 370 2075 terra
387 2017 478 2092 mori,
498 2015 552 2075 nisi
574 2017 684 2094 periret
702 2024 732 2076 et
751 2017 921 2096 insepultus.
950 2025 980 2076 at
995 2034 1049 2075 nos
1069 2018 1130 2093 pri-

70 2097 146 2184 18ὶιῗιῗθ
159 2116 210 2159 ore
221 2097 297 2159 libro
318 2098 417 2159 imbris
433 2109 462 2159 et
476 2100 559 2160 llatus
578 2099 725 2160 cavendos
742 2101 856 2178 frugum
873 2119 960 2161 causa
974 2100 1131 2178 rictusque

112 2181 382 2261 praemonebarnus,
399 2202 472 2244 ecoe
488 2186 593 2244 seritur
606 2185 728 2245 bominis
743 2203 840 2261 manu,
864 2185 979 2243 metitur
997 2181 1132 2242 eiusdem

111 2265 233 2326 bominis
254 2269 373 2344 ingenio
397 2267 475 2346 quod
494 2277 599 2327 ventos
620 2270 649 2327 in
672 2268 744 2328 mari
771 2277 861 2348 optet.
896 2276 1068 2346 praeterea,
1098 2276 1132 2326 ut

111 2353 235 2411 sciamus
253 2350 361 2411 lavisse
377 2369 510 2430 poenas,
532 2351 601 2410 nihil
622 2353 751 2428 gignitur
769 2352 908 2428 facilius,
921 2360 951 2410 ut
971 2350 1170 2410 sentiamusre

111 2435 230 2575 nolerpto
248 2432 278 2493 id
299 2436 494 2511 demnatum,
511 2437 682 2510 uritagrum
704 2434 939 2513 deterioremque
961 2436 1046 2494 etiam
1070 2441 1130 2493 ter-

111 2535 172 2576 ram
201 2517 267 2575 acit.

79 2605 95 2662 t
175 2596 247 2676 Cap.
261 2602 289 2661 1.
308 2601 373 2681 (2.)
396 2602 437 2682 [1]
465 2602 576 2663 Seritur
593 2601 737 2662 sabulosis
753 2620 885 2663 maxume
900 2619 1017 2679 unoque
1032 2601 1129 2678 sulco,

111 2700 167 2742 nec
182 2685 276 2760 magis
289 2684 406 2746 festinat
423 2685 510 2748 aliod.
543 2705 615 2747 vere
629 2695 719 2746 satum
731 2695 842 2747 aestate
854 2685 987 2762 vellitur,
1005 2693 1034 2744 et
1051 2683 1128 2746 hano

111 2783 228 2845 quoque
244 2774 340 2829 terrae
357 2772 488 2830 iniuriam
505 2771 585 2831 iacit.
618 2772 754 2847 ignoscat
764 2779 859 2831 tamen
868 2770 973 2848 aliquis
984 2769 1127 2847 Aegypto
1138 2786 1169 2828 oo

111 2852 219 2911 serenti
236 2860 266 2912 ut
282 2853 410 2914 Arabiae
431 2853 588 2933 indiaeque
609 2856 715 2913 merois
739 2856 876 2933 inportet.
912 2856 989 2914 itane
1009 2861 1039 2912 et
1060 2851 1128 2914 Gal-

111 2935 168 2994 liae
182 2946 336 3006 censentur
351 2936 408 2997 hoo
423 2935 537 2998 reditu?
552 2938 713 3014 montisque
730 2940 800 2997 mari
817 2940 973 3016 oppositos
985 2954 1053 2997 esse
1067 2953 1128 2995 non

111 3025 156 3075 est
173 3019 242 3076 satis
259 3028 288 3078 et
303 3038 319 3079 a
335 3020 428 3081 latere
443 3023 546 3081 oceani
561 3020 678 3080 obstare
696 3021 790 3098 ipsum
806 3020 884 3098 qnod
898 3030 1006 3081 vocant
1019 3017 1128 3081 inane?

78 3097 244 3175 &Cadurci
262 3100 372 3178 Galeti‚
388 3105 507 3179 Ruteni,
527 3103 673 3180 Bituriges
692 3102 842 3182 ultimique
863 3105 1006 3164 hominum
1027 3104 1127 3164 existi·

109 3182 177 3241 mati
194 3181 316 3262 Morini,
338 3189 424 3247 immo
441 3204 512 3246 vero
529 3186 638 3248 Galliae
662 3190 816 3248 universae
838 3188 905 3250 vela
927 3196 1042 3264 texunt,
1069 3189 1166 3246 iamss

111 3264 224 3343 quidem
239 3278 268 3328 et
279 3270 478 3331 transrhenani
493 3269 605 3346 hostes,
618 3289 673 3331 nec
690 3270 887 3351 pulchriorem
908 3271 992 3332 aliam
1013 3280 1126 3329 vestem

111 3365 210 3411 eorum
229 3351 354 3413 feminae
374 3371 495 3414 novere.
524 3372 580 3432 qua
599 3354 795 3415 admonitione
822 3356 965 3415 succurrit
986 3353 1063 3433 quod
1085 3353 1125 3414 lli.

108 3433 205 3493 Varro
219 3436 320 3514 tradit,
336 3438 364 3498 in
380 3438 569 3499 Serranorum
587 3439 694 3500 familia
714 3438 893 3531 gentilicium
913 3456 980 3497 esse
1001 3439 1127 3499 feminas
