2422 3840
126 189 185 252 128
472 200 501 248 c.
519 201 614 248 entur
628 199 779 248 securior

125 360 197 419 eiam
211 375 300 432 vero,
326 355 477 434 phasiolos
494 364 523 414 et
539 354 647 414 lentem
666 353 755 414 boote
778 352 940 413 occidente.
975 369 1032 429 quo
1051 353 1128 413 litut

125 443 226 502 borum
241 442 367 501 siderum
383 440 562 517 aliorumque
578 447 698 498 exortus
719 447 747 497 et
762 454 886 496 occasus
904 436 1056 513 digerendi
1071 437 1127 495 sint

81 536 134 591 ωδ
145 527 172 584 in
187 542 256 584 suos
269 525 343 584 dies.
373 525 445 583 Sunt
461 524 508 602 qui
524 531 553 582 et
570 531 637 582 ante
652 521 837 598 vergiliarum
860 536 998 580 occasum
1012 520 1071 579 seri
1085 521 1126 579 iu·

123 610 226 684 beant,
253 609 399 669 dumtaxat
412 607 536 672 inarida
552 615 630 666 terra
647 605 807 684 calidisque
830 604 1005 683 provinciis,
1029 612 1126 664 eusto-

123 693 177 752 diri
194 692 267 751 enim
282 709 382 751 semen
396 709 457 752 noo
473 698 677 767 corrumpente
693 707 810 763 umore,
836 696 896 748 eta
915 704 1057 766 proxumo
1072 689 1150 747 imo

123 775 175 834 bre
190 793 245 835 uno
261 775 307 835 die
323 793 486 853 erumpere.
518 774 567 834 alii
583 775 677 832 statim
693 772 729 832 ab
746 790 854 832 occasu
868 772 1056 848 vergiliarum
1078 789 1125 832 se·

124 860 171 938 qui
186 859 302 934 imbris,
332 876 348 917 a
367 868 500 937 septumo
516 858 581 918 lero
600 856 657 917 die.
689 857 777 934 aliqui
796 858 824 914 in
849 856 961 932 frigidis
976 854 1011 916 ab
1028 857 1126 934 aequi·

123 945 219 1002 noetio
236 943 375 1018 autumni,
404 943 432 1000 in
447 942 549 1001 calidis
566 943 676 1016 serius,
697 958 734 999 ne
750 949 817 1000 ante
831 939 956 998 hiemem
971 938 1125 1000 luxurient.

81 1025 221 1088 tolluter
246 1027 338 1084 omnis
365 1033 459 1084 autem
485 1025 621 1084 convenit
641 1026 718 1084 cirea
739 1023 867 1083 brumam
891 1022 1045 1082 serendum
1069 1039 1127 1082 non

124 1127 202 1184 esse,
225 1124 330 1184 magno
349 1117 529 1184 argumento,
551 1109 685 1187 quoniam
699 1107 820 1167 hiberna
836 1108 956 1183 semina,
982 1125 1046 1166 cum
1058 1116 1162 1167 antero

123 1192 251 1250 brumam
266 1201 328 1252 sata
350 1194 421 1266 sint,
449 1201 581 1270 septumo
597 1192 645 1251 die
662 1201 830 1268 erumpant,
856 1193 881 1250 si
904 1199 971 1270 post
989 1188 1127 1270 brumam,

122 1278 171 1334 vix
187 1276 421 1353 quadragesimo.
452 1285 518 1334 sunt
534 1277 582 1354 qui
602 1283 762 1354 properent
777 1283 864 1353 atque
879 1274 918 1334 ita
930 1276 1126 1353 pronuntient,

122 1359 286 1419 festinatam
301 1367 461 1419 sementem
487 1377 577 1438 saepe
598 1359 755 1437 decipere,
779 1359 936 1418 serotinam
952 1376 1077 1436 semper.
1110 1377 1127 1417 e

124 1439 269 1502 contrario
284 1442 331 1502 alii
346 1443 396 1503 vel
412 1461 482 1502 vere
501 1444 596 1521 potius
612 1443 767 1502 serendum
782 1460 868 1520 quam
888 1441 964 1501 malo
979 1451 1125 1518 autumno,

123 1535 209 1604 atque
230 1526 277 1586 ubi
295 1527 382 1586 luerit
404 1545 549 1601 necesse,
575 1527 651 1586 inter
672 1526 817 1586 favonium
841 1535 870 1585 et
891 1544 1010 1585 vernum
1026 1528 1161 1604 aequi-ro

80 1620 131 1673 205
139 1612 275 1670 noctium.
299 1611 413 1689 quidam
429 1611 534 1670 omissa
555 1611 677 1670 caelesti
693 1610 849 1670 subtilitate
864 1609 1043 1688 temporibus
1056 1610 1126 1670 deli·

22 1765 27 1774 ⁸
122 1695 216 1754 niuot:
247 1713 317 1753 vere
336 1695 421 1754 linum
445 1704 474 1753 et
501 1712 620 1754 avenam
648 1702 677 1753 et
702 1712 833 1772 papaver
858 1703 961 1771 atque,
990 1695 1030 1753 uti
1052 1712 1127 1753 nunc

123 1781 208 1839 etiam
224 1778 408 1854 transpadani
424 1787 558 1853 servant,
581 1779 718 1856 usquein
735 1778 938 1854 quinquatrus,
964 1775 1070 1852 labam,
1088 1779 1126 1836 si·

123 1863 240 1939 liginem
260 1860 420 1920 Novembri
443 1878 560 1934 mense,
587 1860 631 1919 far
654 1861 819 1940 Septembri
842 1870 973 1919 extremo
990 1863 1127 1938 usquein

122 1946 185 2004 idus
204 1943 349 2003 Octobris.
382 1942 429 2002 alii
453 1951 522 2022 post
547 1943 622 2003 huno
642 1944 717 2003 diem
739 1945 767 2002 in
782 1943 921 2003 kalendas
940 1942 1123 2004 Novembris.
1135 1961 1161 2002 ao

121 2028 159 2086 ita
175 2027 219 2086 bis
235 2026 312 2085 nulla
328 2035 445 2085 naturae
462 2045 530 2086 cura
546 2035 601 2103 est,
625 2026 683 2086 illis
700 2028 795 2102 nimia,
823 2037 852 2087 et
868 2027 935 2087 ideo
955 2046 1043 2088 caeca
1060 2027 1125 2088 sub·

121 2110 225 2184 tilitas,
247 2127 310 2168 curn
323 2128 371 2168 res
387 2119 506 2186 geratur
520 2111 595 2170 iuter
610 2113 736 2170 rusticos
751 2112 968 2190 litterarumque
985 2114 1125 2190 expertis,

79 2204 131 2258 206
142 2210 200 2251 non
214 2193 300 2253 modo
317 2193 454 2254 siderum.
484 2193 522 2253 Et
539 2195 730 2255 confitendum
749 2204 794 2254 est
809 2195 893 2255 caelo
909 2213 1041 2255 maxume
1057 2213 1125 2256 oon·

122 2286 200 2338 stare
226 2295 277 2353 ea,
311 2279 419 2358 quippe
449 2279 580 2356 Vergilio
608 2278 725 2338 iubente
754 2280 899 2358 praedisci
924 2289 1027 2342 ventos
1059 2290 1125 2340 ante

122 2362 215 2421 omnia
240 2380 275 2422 ao
296 2363 421 2422 siderum
446 2381 560 2438 rnones,
588 2380 682 2441 neque
706 2363 792 2422 aliter
812 2381 896 2442 quarn
923 2364 1124 2441 navigantibus
1135 2376 1161 2415 2⁵

122 2447 242 2506 servari.
271 2465 341 2525 spes
362 2446 450 2506 ardua
466 2456 494 2506 et
510 2449 639 2505 inmensa
661 2447 776 2504 misceri
802 2464 891 2524 posse
909 2448 1065 2507 caelestem
1081 2446 1123 2505 di·

122 2530 267 2587 vinitatem
289 2530 441 2608 inperitiae
463 2532 607 2604 rusticae,
637 2529 689 2589 sed
704 2530 870 2607 temptanda
894 2540 950 2591 tam
965 2529 1123 2609 grandivi·

120 2620 167 2670 tae
184 2612 388 2672 emolumento.
419 2615 497 2691 prius
514 2623 609 2674 tamen
625 2613 758 2673 sideralis
776 2613 942 2689 difficultas,
960 2632 1044 2694 quam
1058 2632 1124 2673 sen-

121 2711 188 2752 sere
206 2696 289 2752 etiam
305 2697 406 2771 periti,
429 2697 597 2756 subicienda
613 2697 850 2772 contemplationi
867 2707 928 2774 est,
947 2716 1004 2775 quo
1020 2698 1124 2759 deinde

121 2776 224 2834 laetior
251 2795 332 2835 mens
358 2776 490 2837 discedat
507 2797 524 2839 a
541 2779 625 2838 caelo
652 2789 681 2838 et
704 2778 781 2837 facta
806 2781 911 2839 sentiat
930 2799 1005 2858 quac
1030 2782 1160 2842 iuturaao

120 2862 276 2938 praenosci
294 2862 487 2937 nonpossint.

77 2953 127 3008 207
194 2944 243 3003 25.
269 2944 353 3021 (57)
377 2944 500 3005 Primum
524 2947 647 3005 omniurn
671 2945 781 3006 dierum
802 2947 930 3025 ipsorum
951 2951 1016 3009 anni
1039 2949 1124 3010 solis·

120 3045 176 3123 que
204 3035 297 3087 motus
323 3045 417 3107 prope
446 3029 660 3108 inexplicabilis
685 3030 759 3090 ratio
782 3041 836 3091 est.
873 3033 909 3093 ad
926 3032 1125 3094 ccccxvad-

119 3109 207 3167 iciunt
233 3112 383 3172 etiamnum
405 3113 591 3173 intercalario
616 3113 673 3173 diei
698 3115 852 3193 noctisque
880 3116 1054 3194 quadrantis.
1086 3118 1126 3176 ita

120 3192 150 3251 lit
165 3200 195 3250 ut
210 3193 282 3252 tradi
299 3213 355 3254 non
372 3199 485 3274 possint
508 3205 587 3257 certa
608 3197 735 3257 siderum
751 3207 892 3276 tempora
925 3201 1040 3260 accedit
1055 3216 1124 3259 con·
1136 3221 1162 3263 as

119 3277 199 3336 fessa
214 3295 310 3337 rerum
328 3279 502 3356 obscuritas,
517 3298 591 3340 nunc
608 3291 817 3381 praecurrente
831 3300 887 3341 nec
902 3284 1003 3360 paucis
1021 3282 1124 3343 diebus

119 3369 321 3438 tempestatum
338 3364 518 3440 significatu,
543 3364 622 3443 quod
640 3356 870 3462 προχειμάζειν
888 3363 992 3425 Graeci
1008 3377 1125 3443 vocant,

115 3461 193 3502 nunc
206 3448 429 3523 postveniente,
458 3449 535 3526 quod
554 3440 782 3526 ἑπιχειμάζειν,
807 3457 837 3508 et
854 3448 1027 3526 plerumque
1050 3451 1126 3512 alias
