2422 3840
351 217 431 264 nnu.
444 215 535 264 mrsu.
552 216 611 262 xx.
632 204 921 282 13—14.(51-53.)
1078 203 1136 266 211

134 372 241 450 posito.
279 368 361 429 radix
381 378 464 430 rutae
484 370 652 446 sanguinem
668 371 761 430 oculis
777 369 927 430 sublusum
943 379 972 429 et
989 377 1052 429 toto
1070 388 1136 431 cor-

134 472 208 533 pore
228 453 382 513 cicatrices
397 462 445 513 ant
459 452 587 512 maculas
601 453 681 514 inlita
697 453 840 514 emendat.
874 464 912 513 ex
927 453 1047 532 reliquis
1063 472 1139 531 quae

133 537 282 597 traduntur
296 538 396 596 mirum
412 546 472 613 cst,
488 554 552 596 eum
566 536 729 598 ferventem
744 547 827 598 rutae
842 546 970 597 naturam
986 555 1054 596 esse
1069 554 1138 597 con-

133 621 247 695 veniat,
274 619 444 680 fasciculum
473 622 535 680 eius
562 622 590 680 in
615 637 741 681 rosaceo
761 621 914 681 decoctum
938 620 1033 680 addita
1055 623 1138 682 uncia

109 705 215 766 caloes
235 706 384 782 perunctis
407 702 543 763 sudorem
564 705 743 782 reprimere,
771 705 897 780 itemque
919 705 1138 780 generationem

133 788 257 867 inpediri
268 786 326 847 hoc
339 786 415 846 cibo.
434 786 502 847 ideo
514 789 544 846 in
554 786 697 865 profluvio
709 786 829 864 genitali
844 787 926 847 datur
939 795 968 846 et
979 804 1117 847 venerem
1130 796 1181 850 113

133 871 239 933 erebro
253 888 308 950 per
322 871 432 930 somnia
446 870 677 948 imaginantibns.
699 869 933 950 praecavendum
950 879 995 929 est
1009 870 1138 947 gravidis

132 955 296 1016 abstineant
315 953 372 1014 boc
395 953 478 1031 cibo,
497 955 595 1014 necari
617 956 692 1014 enim
709 964 807 1033 partus
823 955 950 1014 invenio.
981 953 1083 1014 eadem
1099 973 1137 1014 ex

133 1038 265 1100 omnibus
287 1039 357 1098 satis
378 1038 586 1117 quadripedum
606 1056 724 1118 quoque
746 1037 856 1098 morbis
878 1039 907 1097 in
928 1053 1062 1098 maxumo
1084 1057 1138 1097 usu

97 1132 193 1199 roest,
216 1125 278 1182 sive
294 1121 413 1183 difficile
429 1122 604 1201 spirantibus
625 1123 688 1183 sive
704 1131 806 1184 contra
820 1121 1017 1183 maleficorum
1033 1121 1138 1182 anima·

133 1207 201 1268 lium
217 1207 306 1283 ictus,
327 1206 421 1266 infusa
437 1223 492 1284 per
511 1209 588 1267 naris
605 1225 643 1265 ex
658 1207 725 1266 vino
738 1215 804 1282 aut,
825 1207 851 1265 si
865 1207 1070 1283 sanguisugam
1087 1225 1136 1266 ex·

131 1291 295 1365 hauserint,
319 1308 357 1350 ex
379 1298 482 1364 aceto,
504 1298 534 1349 et
550 1306 735 1369 quocumque
757 1291 786 1348 in
802 1289 887 1350 simili
903 1288 1069 1350 morborum
1085 1309 1136 1367 ge-

131 1391 202 1433 nere
218 1382 250 1432 ut
264 1374 293 1431 in
308 1373 424 1432 homine
439 1380 610 1450 temperata.

196 1458 245 1517 14.
281 1455 366 1534 (52.)
401 1454 589 1515 blentastrum
615 1456 760 1517 silvestris
786 1465 882 1516 menta
908 1464 954 1515 est
978 1454 1117 1514 differens
1131 1463 1181 1518 144

96 1541 233 1618 1sspeeie
253 1538 388 1598 loliomm
410 1548 571 1616 quaesunt
592 1539 684 1617 ligura
706 1539 808 1616 ocimi,
830 1539 910 1618 pulei
929 1539 1048 1612 colore,
1068 1554 1135 1616 pro·

131 1633 197 1702 pter
213 1621 291 1700 quod
307 1622 420 1701 quidam
432 1622 569 1683 silvestre
580 1623 707 1701 puleium
719 1632 834 1682 vocant.
855 1623 892 1682 iis
903 1620 1137 1682 conmanducatis

132 1716 161 1766 et
181 1706 315 1784 inpositis
336 1707 431 1766 sanari
453 1705 673 1785 elephantiasim
694 1705 792 1782 hlagni
814 1706 934 1784 Pompei
957 1714 1053 1766 aetate
1075 1705 1135 1764 lor·

129 1789 202 1850 tuito
216 1789 363 1850 cuiusdam
379 1791 579 1869 experimento
598 1800 723 1870 propter
737 1799 871 1868 putorem
886 1789 962 1850 faeie
974 1789 1055 1850 inlita
1068 1805 1136 1848 con-

132 1882 244 1952 pertum
270 1882 324 1934 est.
362 1874 463 1935 eadem
484 1872 638 1934 inlinuntur
660 1874 854 1954 bibunturque
878 1873 1018 1934 adversus
1040 1873 1115 1932 ictus
1131 1882 1179 1936 145

94 1973 121 2014 20
132 1958 318 2036 scorpionum
336 1976 399 2018 cnm
420 1959 500 2034 sale,
522 1958 591 2018 oleo
613 1967 644 2018 et
663 1967 766 2033 aceto,
788 1959 857 2018 item
878 1957 1019 2018 adversus
1036 1956 1134 2017 scolo·

129 2040 255 2121 pendras
280 2050 309 2101 et
330 2044 507 2120 serpentium
532 2043 607 2102 ictus
629 2041 774 2102 drachmis
802 2039 913 2101 duabus
936 2042 965 2100 in
987 2041 1046 2100 vini
1067 2057 1135 2114 cya-

130 2124 186 2182 this
209 2122 339 2198 duobus,
366 2125 506 2183 adversus
528 2124 740 2202 scolopendras
761 2126 805 2183 ius
825 2125 952 2184 decocti.
992 2123 1136 2183 adversus

131 2206 224 2266 omnia
240 2223 353 2266 venena
368 2215 521 2266 servantur
534 2205 607 2266 lolia
627 2206 706 2268 arida
720 2205 757 2266 ad
777 2206 888 2266 farinae
907 2204 1031 2265 modum.
1066 2206 1134 2265 sub·

131 2296 249 2349 stratum
266 2289 314 2349 vel
334 2306 490 2349 accensum
506 2288 588 2365 fugat
602 2291 687 2349 etiam
702 2290 888 2366 scorpiones.
920 2296 1019 2366 potum
1034 2287 1114 2347 lemi·
1128 2296 1179 2352 146

94 2389 120 2429 cs
131 2390 183 2432 nas
197 2382 302 2451 purgat
318 2390 335 2433 a
351 2382 450 2451 partu,
467 2372 520 2433 sed
536 2381 635 2450 partus
651 2381 746 2432 necat.
769 2373 878 2450 ruptis,
895 2370 1060 2445 convolsis,
1082 2370 1135 2430 sed

131 2456 264 2536 parcius,
287 2456 503 2537 orthopnoicis,
524 2455 710 2533 torminibus,
735 2455 864 2516 choleris
891 2454 1134 2529 efficacissimum,

129 2543 198 2600 item
219 2539 339 2617 lumbis,
361 2540 499 2620 podagris
520 2541 685 2618 inpositum.
719 2556 806 2599 sucus
824 2538 940 2599 auribus
961 2539 1134 2599 verminosis

130 2623 293 2684 instillatur.
327 2625 355 2682 in
372 2625 456 2700 regio
473 2624 576 2684 morbo
592 2623 717 2699 bibitur,
732 2624 848 2683 strumis
865 2623 1007 2697 inlinitur,
1022 2624 1134 2682 somnia

129 2708 247 2766 veneris
266 2705 390 2783 inhibet,
413 2707 523 2768 taenias
539 2707 623 2786 pellit
639 2726 676 2767 ex
693 2716 778 2768 aceto
793 2715 908 2786 potum,
926 2714 1025 2768 contra
1041 2708 1134 2784 porri-

93 2792 228 2868 saginem
244 2808 283 2850 ex
297 2790 551 2852 aceto‘inlunditur
565 2792 653 2871 capiti
666 2793 696 2852 in
711 2791 786 2852 sole.
862 2805 864 2808 ⁴

194 2873 279 2952 (53.)
302 2873 416 2934 Mentae
433 2876 522 2954 ipsius
538 2876 612 2937 odor
623 2879 745 2939 animam
760 2878 869 2937 excitat
884 2882 913 2936 et
923 2890 1013 2952 sapor
1027 2872 1175 2934 avidi-147

128 2966 216 3018 tatem
236 2958 265 3017 in
287 2958 376 3034 cibis,
392 2957 461 3018 ideo
479 2959 697 3023 embammatum
718 2962 859 3021 mixturae
879 2957 1038 3019 familiaris.
1069 2957 1133 3034 ipsa

129 3059 271 3102 acescere
292 3051 340 3102 aut
362 3043 442 3102 coire
464 3041 639 3122 denserique
659 3044 705 3104 lac
719 3062 777 3104 non
791 3045 917 3122 patitur,
940 3058 1032 3122 quare
1047 3039 1132 3102 lactis

128 3125 296 3204 potionibus
324 3126 451 3201 additur,
475 3144 513 3185 nc
536 3126 620 3186 baius
640 3127 786 3203 coagulati
814 3136 883 3206 potu
905 3125 1131 3203 strangulentur.

93 3224 119 3266 as
129 3209 195 3270 data
210 3210 239 3269 in
252 3228 326 3287 aqua
338 3219 388 3271 aut
400 3209 494 3269 mulso
511 3209 614 3270 eadem
627 3211 657 3268 ri
671 3209 811 3270 resistere
828 3221 858 3270 et
872 3211 1055 3288 generationi
1068 3227 1132 3268 cre-

129 3292 203 3353 ditur
219 3293 382 3354 cohibendo
396 3293 535 3369 genitalia
551 3293 678 3354 denseri.
705 3311 799 3372 aeque
811 3293 937 3355 maribus
953 3311 988 3353 ae
1002 3292 1115 3353 leminis
1125 3298 1176 3352 118

130 3377 205 3436 sistit
228 3380 414 3456 sanguinem,
444 3386 473 3436 et
505 3379 695 3456 purgationes
721 3377 890 3440 feminarum
916 3376 1042 3452 inhibet,
1069 3391 1131 3433 cum

131 3459 228 3534 amilo
258 3479 297 3522 ex
327 3480 401 3542 aqna
432 3470 501 3540 pota
527 3461 724 3523 coeliacorum
749 3463 890 3542 impetus.
919 3458 1028 3598 {th
1046 3457 1145 3510 umm-
