2422 3840
116 196 175 260 tou
453 211 484 258 o.
499 211 596 258 ru1u1
611 210 762 259 suenum

111 382 173 423 rnm
190 365 264 424 binis
280 367 422 443 utrimque
444 364 588 443 lapidibus
605 367 781 426 statuminari
797 365 900 426 etalio
923 365 1116 443 superintegi.

112 448 210 508 Silvae
237 449 442 529 exstirpandae
473 445 613 509 rationem
640 448 824 509 Democritus
852 449 996 528 prodidit,
1027 448 1118 526 lupini

111 532 185 591 llore
201 533 229 591 in
244 541 316 593 suco
333 534 446 594 cicutae
462 549 518 591 uno
535 533 582 592 die
604 542 752 594 macerato
773 534 943 612 sparsisque
958 533 1116 592 radicibus.

69 623 104 678 ts
174 619 203 676 7.
227 615 289 695 (9.)
315 615 353 676 Et
369 617 502 695 quoniam
522 626 712 694 praeparatus
735 626 781 676 est
806 635 894 694 ager,
917 633 993 675 nuno
1009 616 1117 675 indica·

111 698 186 758 bitur
207 710 307 760 natura
328 700 450 777 frugum.
484 709 547 759 sunt
569 709 664 760 autern
680 701 736 760 duo
759 701 849 778 prima
872 718 970 760 earum
989 716 1144 776 generato

111 783 268 860 frumenta,
292 793 323 844 ut
338 786 478 859 triticum,
502 783 660 859 hordeum,
691 794 719 843 et
734 784 895 861 legumina,
921 792 951 843 ut
966 783 1049 858 laba,
1077 784 1117 842 ci·

113 885 172 926 cer.
202 868 364 928 differentia
379 870 476 927 notior
492 885 576 946 quarn
591 877 622 928 ut
635 867 755 929 indicari
770 869 883 928 deceat.
935 886 936 889 ¹

68 960 103 1015 ts
177 953 261 1030 (10.)
284 953 325 1031 [t]
343 950 489 1010 Frumenti
513 952 605 1029 ipsius
625 952 745 1011 totidem
768 969 879 1028 genera
906 969 959 1030 per
984 960 1117 1029 tempora

112 1043 175 1094 satu
190 1035 298 1095 divisa:
321 1035 460 1110 hiberna,
483 1052 558 1113 quae
575 1037 653 1094 circa
678 1035 864 1111 vergiliarum
892 1052 1027 1095 occasum
1054 1043 1116 1094 sata

110 1127 188 1177 terra
215 1137 269 1196 per
293 1118 417 1177 hiemem
444 1119 619 1194 nutriuntur,
652 1127 681 1177 ut
706 1120 845 1193 triticum,
879 1118 940 1193 iar,
962 1119 1114 1193 hordeum,
1126 1133 1151 1173 ro

112 1203 238 1278 aestiva,
268 1219 342 1279 quae
359 1211 471 1262 aestate
486 1211 553 1261 aute
568 1202 755 1278 vergiliarum
771 1211 903 1262 exortum
921 1211 1066 1277 seruntur,
1085 1211 1116 1261 ut

110 1285 234 1360 milium,
263 1287 411 1365 panicum,
446 1287 569 1362 sesima,
599 1286 773 1360 horminum,
809 1287 879 1362 irio,
904 1285 1005 1345 ltaliae
1035 1285 1114 1345 dum·

110 1376 190 1428 taxat
203 1371 268 1428 ritu.
300 1370 474 1448 alioquinin
492 1367 614 1430 Graecia
632 1379 662 1429 et
683 1372 711 1428 in
729 1369 799 1431 Asia
818 1372 912 1430 omnia
935 1388 951 1429 a
977 1369 1114 1447 vergilia·

109 1470 171 1511 rum
190 1470 297 1513 occasu
320 1462 470 1529 seruntur,
496 1454 637 1530 quaedam
663 1463 757 1514 autem
781 1462 905 1533 utroque
931 1463 1064 1531 tempore
1087 1453 1115 1511 in

68 1534 209 1613 5ttltalia,
237 1555 274 1596 ex
288 1537 333 1596 his
349 1538 491 1616 quaedam
510 1545 539 1596 et
553 1539 639 1597 tertio
653 1539 741 1597 veris.
776 1537 864 1615 aliqui
884 1555 974 1597 verna
994 1537 1112 1612 milium,
1125 1559 1150 1598 rs

111 1623 258 1697 panicum,
282 1621 405 1697 lentem,
434 1622 529 1696 cicer,
555 1622 656 1681 alicam
687 1620 854 1700 appellant,
884 1623 1044 1681 sementiva
1066 1639 1114 1680 an·

110 1712 168 1763 tem
188 1706 328 1784 triticum,
351 1705 507 1780 hordeum,
531 1704 642 1780 iaham,
667 1723 789 1784 napum,
812 1723 921 1782 rapam.
962 1714 991 1764 et
1014 1707 1044 1764 in
1065 1705 1115 1764 tri·

110 1789 160 1847 tici
181 1807 292 1865 genere
313 1805 383 1865 pars
405 1787 502 1865 aliqua
524 1788 624 1865 pabuli
645 1798 691 1847 est
711 1789 920 1868 quadripedum
941 1805 1029 1848 causa
1049 1790 1114 1862 sati,

110 1879 139 1929 ut
160 1872 295 1948 farrago,
317 1881 345 1930 et
364 1873 393 1929 in
410 1871 619 1946 leguminibus,
643 1881 673 1931 ut
694 1873 778 1931 vicia.
819 1880 848 1931 at
872 1888 1023 1930 commune
1045 1888 1114 1948 qua·

67 1954 261 2032 51drIpedum
281 1955 484 2032 hominumque
505 1955 570 2014 usui
593 1955 730 2034 lupinum.
775 1956 816 2035 [2]
839 1955 996 2032 Legumina
1021 1955 1150 2014 omuiaro

110 2037 239 2114 singulas
259 2038 368 2097 hahent
388 2038 503 2096 radices
524 2048 643 2116 praeter
660 2040 772 2115 labam,
796 2057 906 2117 easque
934 2038 1114 2113 surculosus,

111 2121 253 2199 quianon
274 2123 302 2180 in
322 2122 410 2181 multa
431 2121 610 2199 dividuntur,
637 2125 791 2184 altissimas
814 2131 908 2183 autem
933 2123 1022 2182 cicer.
1056 2122 1113 2180 lru·

109 2211 205 2264 menta
221 2205 317 2266 multis
332 2206 497 2267 radicantur
517 2207 597 2267 libris
618 2208 680 2266 sine
707 2209 803 2268 ramis.
829 2200 961 2284 Erumpit
984 2224 1000 2266 a
1021 2207 1113 2284 primo

109 2297 173 2349 satu
190 2289 330 2351 hordeum
352 2290 399 2349 die
420 2300 571 2368 septumo,
602 2291 747 2369 legumina
762 2300 865 2370 quarto
887 2291 952 2368 vel,
974 2308 1039 2349 cum
1057 2298 1114 2349 tar·

110 2373 245 2450 dissime,
275 2383 426 2452 septumo,
456 2373 523 2434 laba
552 2393 569 2434 a
590 2389 646 2434 xv.
671 2375 707 2435 ad
726 2387 803 2450 xx.,
831 2374 977 2450 legumina
1000 2374 1028 2431 in
1053 2372 1172 2431 lle-2⁵·

109 2466 200 2535 gypto
218 2460 304 2519 tertio
321 2459 377 2517 die.
409 2475 447 2517 ex
461 2457 573 2518 hordeo
590 2459 711 2519 alterurn
727 2467 814 2536 caput
833 2459 915 2534 graui
935 2459 964 2516 in
984 2457 1114 2517 radicem

109 2542 179 2615 exit,
203 2541 324 2601 alterum
340 2542 368 2600 iu
383 2541 513 2617 herbam,
536 2559 610 2619 quae
622 2551 652 2602 et
668 2543 749 2620 prior
763 2542 858 2601 lloret.
890 2541 1017 2601 radicem
1036 2558 1114 2600 cras-

109 2625 170 2681 sior
187 2641 257 2702 pars
271 2627 353 2701 grani
368 2626 604 2701 fundit,.teuuior
621 2626 732 2685 ilorem.
766 2625 873 2685 ceteris
891 2623 1048 2684 seminibus
1065 2641 1115 2683 ea-

68 2705 176 2770 52dem
191 2725 259 2785 pars
275 2717 305 2766 et
318 2709 446 2768 radicem
462 2717 492 2768 et
505 2708 617 2769 horem.
645 2708 686 2788 [3]
699 2709 853 2769 Frumenta
868 2709 963 2768 hiems
978 2709 1007 2766 iu
1022 2707 1115 2767 herba

101 2798 190 2867 sunt,
220 2808 312 2850 verno
332 2800 464 2869 tempore
486 2792 657 2868 fastigantur
678 2794 707 2850 in
730 2792 864 2870 stipulam
886 2809 961 2870 quae
985 2799 1050 2851 sunt
1072 2792 1149 2851 hi·ao

109 2874 191 2934 berni
208 2875 343 2952 generis,
368 2882 396 2934 at
410 2875 517 2934 milium
534 2884 563 2934 et
578 2877 711 2953 panicum
725 2875 754 2933 in
780 2875 903 2935 culmum
919 2875 1116 2953 geniculatum

67 2968 102 3020 53
112 2967 141 3016 et
159 2976 335 3034 concavom,
356 2959 461 3018 sesima
478 2975 550 3017 vero
572 2960 600 3017 in
620 2959 809 3019 ferulaceum.
841 2958 971 3018 Omnium
986 2968 1116 3019 satorum

110 3041 219 3100 fructus
236 3052 284 3101 aut
300 3043 389 3120 spicis
412 3043 588 3118 continetur,
611 3051 642 3103 ut
663 3043 766 3119 tritici,
790 3043 909 3119 hordei,
932 3045 1115 3121 muniturque

109 3123 188 3184 vallo
209 3126 359 3186 aristarum
380 3135 479 3186 contra
502 3127 563 3186 avis
586 3136 615 3186 et
635 3145 740 3205 parvas
757 3127 978 3207 quadripedes,
1010 3136 1059 3186 aut
1074 3127 1115 3184 in-

110 3209 234 3269 cluditur
249 3208 377 3287 siliquis,
399 3219 429 3270 ut
446 3209 637 3288 leguminum,
660 3221 708 3271 aut
722 3212 868 3287 vasculis,
891 3219 922 3270 ut
936 3211 1062 3270 sosimas
1080 3227 1151 3272 aces

110 3291 275 3372 papaveris.
306 3294 412 3353 milium
427 3302 457 3353 et
472 3295 604 3373 panicum
619 3302 726 3355 tantum
741 3313 795 3374 pro
811 3295 952 3369 indiviso,
974 3304 1004 3355 et
1016 3294 1115 3373 parvis

110 3378 211 3438 avibus
233 3378 398 3457 expositum
420 3386 474 3437 est.
515 3379 666 3441 indefensa
690 3380 799 3458 qnippe
825 3376 1000 3438 membranis
1024 3377 1114 3438 conti·

90 3462 220 3520 ‘nentur
255 3464 392 3540 paninum
408 3481 424 3522 a
441 3462 583 3542 paniculis
600 3463 721 3543 dictum,
745 3463 894 3522 cacumine
910 3461 1046 3538 languide
1064 3479 1114 3520 nn·
