2422 3840
145 153 204 216 190
503 164 534 212 c.
549 164 647 212 eorm
661 165 811 214 saeuum

101 341 136 395 13
206 325 235 385 3.
255 323 317 403 (7.)
342 318 498 382 cucurbita
514 337 632 418 quoqne
646 320 815 380 silvestris'
807 323 965 399 invenitur,
987 315 1116 405 σομφος
1133 346 1150 389 a

144 408 264 469 Graecis
280 404 474 503 appellata,
465 405 573 480 ruanis,
596 405 671 464 unde
693 413 723 463 et
739 421 843 464 nomen
850 405 993 483 ,digitali
1012 411 1149 470 crassitu

143 492 226 567 diue,
241 506 299 548 non
310 507 364 548 ιιιιι
375 506 404 546 ιιι
415 504 530 548 saxosis
540 505 674 548 nascens
704 489 786 548 huius
801 491 1046 552 conmanducatae
1058 512 1148 554 sucus

143 573 294 633 stomacho
311 571 462 633 admodum
478 571 610 650 prodest,

100 669 134 723 14
204 655 267 737 (8.)
299 654 487 730 Golooyntbis
514 663 636 714 vocatur
657 656 731 731 alia,
756 657 819 734 ipsa
842 655 944 733 plena,
974 658 1027 717 sed
1054 660 1172 720 minora

143 759 228 820 quam
244 741 345 800 sativa.
377 739 474 799 utilior
488 738 595 818 pallida
610 757 692 816 quam
707 740 863 800 herbacea.
897 740 1024 800 arefacta
1042 760 1096 819 per
1112 763 1148 802 se

141 826 231 885 inanit
253 826 358 885 alvom.
389 822 483 882 infusa
504 839 620 902 quoque
641 822 817 897 clysteribus
838 824 1034 884 intestinorum
1055 829 1146 885 omni-

142 909 197 969 bus
212 910 288 968 vitiis
303 906 434 966 medetur
450 915 479 965 et
496 908 606 966 renium
620 915 649 966 et
663 907 824 967 lumborum
840 916 868 967 et
881 907 1018 986 paralysi.
1048 910 1145 968 eiecto

142 994 253 1052 semine
271 1008 346 1068 aqua
366 990 458 1050 mulsa
479 992 508 1049 in
529 1007 566 1049 eo
587 991 760 1068 decoquitur
782 991 817 1051 ad
836 991 984 1068 dimidias,
1007 993 1051 1052 sic
1064 995 1147 1053 tutis-

101 1089 133 1142 15
143 1077 215 1135 simo
234 1074 419 1134 infunduntur
436 1074 517 1133 oboli
538 1083 682 1152 quattuor.
714 1075 837 1152 prodest
853 1083 882 1134 et
903 1076 1056 1135 stomacho
1079 1076 1184 1137 fari-1⁰

142 1177 198 1218 uae
219 1158 317 1218 aridae
335 1157 432 1236 pilulis
449 1175 512 1218 cum
530 1157 654 1217 decocto
670 1157 757 1217 melle
774 1159 906 1236 sumptis.
935 1160 964 1218 in
980 1159 1083 1219 morbo
1099 1179 1147 1221 re·

141 1244 191 1320 gio
207 1242 316 1311 semina
332 1243 394 1300 eins
407 1254 459 1301 vn
471 1249 619 1301 sumuntur
634 1250 664 1301 et
679 1242 809 1319 protinus
822 1260 897 1319 aqua
909 1243 1012 1302 mulsa.
1041 1262 1148 1304 carnes

143 1326 205 1386 eius
229 1343 292 1386 cum
313 1325 456 1385 absinthio
478 1334 508 1385 et
531 1325 592 1385 sale
615 1324 740 1384 dentium
762 1326 893 1386 dolorem
912 1326 1034 1403 tollunt,
1058 1346 1147 1388 sucus

139 1427 214 1470 vero
231 1428 294 1471 cum
307 1419 392 1470 aceto
404 1408 565 1470 calefactus
580 1408 697 1470 mobilis
712 1410 794 1471 sistit.
825 1412 894 1470 item
913 1413 1012 1490 spinae
1028 1421 1057 1472 et
1074 1412 1146 1471 lum·

140 1494 243 1555 borum
258 1512 293 1554 ao
310 1493 499 1553 coxendicum
514 1493 650 1568 dolores,
667 1512 730 1553 eum
748 1495 817 1554 oleo
833 1495 857 1555 si
871 1495 1029 1555 infricetur.
1059 1512 1175 1573 prae-ss

141 1587 242 1653 terea,
259 1579 358 1637 mirum
376 1576 469 1652 dictu,
486 1578 595 1638 semina
612 1578 674 1637 eius
689 1580 713 1637 si
731 1577 836 1639 fuerint
851 1581 914 1656 pari
930 1596 1049 1639 numero
1065 1580 1146 1641 adal-

15 1734 18 1738 ,
100 1673 133 1727 16
141 1661 231 1738 ligata
243 1661 277 1702 **
289 1660 421 1720 febribus
432 1660 564 1721 dicuutur
576 1679 648 1740 quas
661 1661 766 1722 Graeci
777 1661 943 1740 periodicas
958 1671 1073 1723 vocant.
1092 1664 1145 1724 Sa·
1162 1673 1164 1677 ’

142 1747 220 1806 tivae
237 1761 354 1842 quoque
375 1761 460 1804 rasae
479 1762 567 1804 sucus
586 1745 751 1822 tepefactus
769 1744 885 1804 auribus
900 1747 1049 1820 medetur,
1075 1764 1145 1806 caro

142 1829 204 1889 cius
224 1829 348 1887 interior
371 1828 433 1886 siue
456 1829 566 1887 semine
587 1827 678 1887 clavis
703 1828 808 1904 pedum
833 1837 864 1886 et
888 1791 1146 1929 suppuratibnibus

141 1929 216 1991 quae
238 1909 342 1970 Graeci
362 1918 468 1969 vocant
491 1899 715 1990 ἀποστήματα.
747 1911 890 1970 decoctae
913 1921 1008 1972 autem
1030 1916 1145 1973 univer·
1155 1933 1183 1974 so

140 2012 191 2054 sae
214 2011 301 2052 sucus
323 1991 448 2052 dentium
467 2001 561 2053 motus
583 1994 691 2054 stabilit
712 2003 742 2054 et
761 1994 881 2054 dolores
900 1995 1025 2072 inhibet,
1048 1998 1146 2057 vinum

140 2094 204 2137 cum
221 2094 256 2136 ea
272 2076 463 2137 fervefactum
479 2077 629 2137 oculorum
646 2081 732 2139 etiam
747 2079 882 2179 impetus.
910 2079 980 2142 folia
1001 2082 1063 2140 eius
1079 2099 1146 2141 oum

138 2161 307 2221 recentibus
332 2163 465 2240 cupressi
485 2172 624 2223 contunsa
647 2171 676 2223 et
696 2164 838 2262 inposita,
855 2165 918 2241 ipsa
934 2182 1050 2243 quoque
1066 2174 1145 2226 tosta

98 2255 129 2311 17
139 2246 167 2305 in
181 2245 285 2323 argilla
301 2264 335 2306 ae
353 2247 418 2306 trita
434 2264 499 2306 cum
512 2236 600 2326 adipe
612 2247 724 2307 auseris
736 2247 904 2308 volneribus
919 2249 1060 2308 medetur
1087 2267 1146 2308 nec

138 2347 197 2390 non
211 2331 348 2390 ramentis
366 2331 484 2390 corticis
499 2348 605 2390 recens
620 2329 766 2428 podagras
781 2330 952 2406 refrigerat,
975 2339 1005 2389 et
1020 2332 1145 2392 ardores
1156 2355 1183 2396 ss

140 2415 262 2492 capitis,
285 2414 432 2475 infantium
452 2431 601 2489 maxume,
625 2422 655 2472 et
671 2413 745 2489 ignis
767 2428 869 2471 sacros
884 2412 931 2471 vel
948 2412 1039 2472 isdem
1055 2417 1145 2492 strig-

138 2498 241 2556 mentis
262 2498 395 2576 inpositis
419 2497 469 2556 vel
488 2497 655 2556 seminibus.
691 2512 778 2554 sucus
799 2512 836 2554 ex
851 2497 1027 2572 strigmentis
1042 2495 1145 2559 inlitus

139 2597 203 2640 cum
218 2597 344 2641 rosaceo
360 2591 390 2640 et
400 2589 485 2640 aceto
497 2579 620 2640 febrium
632 2578 753 2640 ardores
767 2578 933 2657 refrigerat.
960 2580 1057 2640 aridae
1071 2583 1145 2644 cinis

137 2663 280 2741 inpositus
303 2665 374 2724 mire
393 2663 543 2724 combusta
560 2672 650 2724 sanat.
683 2661 864 2741 Chrysippus
880 2664 1011 2724 medicus
1028 2665 1144 2728 damna·

136 2746 187 2806 bat
208 2762 259 2805 eas
273 2747 303 2804 in
324 2747 412 2821 cibis,
436 2747 489 2807 sed
505 2748 628 2807 omnium
644 2763 789 2807 consensu
805 2747 957 2809 stomacho
973 2748 1145 2812 utilissimae
1156 2773 1182 2815 ao

136 2828 297 2894 iudicantur
311 2838 341 2890 et
356 2831 570 2890 interaneorum
585 2833 806 2910 vesicarumque
823 2832 1101 2893 exulcerationibus.

96 2925 130 2980 18
202 2915 267 2993 (9.)
293 2912 347 2974 Est
370 2923 399 2974 et
417 2931 490 2992 rapo
510 2915 554 2973 vis
573 2915 694 2976 medica.
724 2917 882 2994 perniones
898 2914 1018 2977 ferrens
1033 2918 1144 2995 inposi-

136 3006 194 3057 tum
216 3007 314 3074 sanat,
340 2999 409 3059 item
430 2998 522 3075 frigus
539 2999 624 3076 pellit
644 3018 662 3059 e
682 2999 817 3078 pedibus.
848 3017 923 3079 aqua
945 3000 1062 3062 decocti
1079 3002 1145 3060 eius

136 3081 255 3141 fervens
270 3080 410 3160 podagris
431 3083 517 3142 etiam
536 3083 649 3160 frigidis
668 3084 815 3162 medetur,
837 3093 867 3144 et
888 3085 1006 3145 crudum
1027 3093 1144 3145 tunsum

137 3182 202 3224 cum
222 3165 302 3242 sale,
326 3167 498 3246 cuicumque
520 3167 589 3228 vitio
610 3168 726 3247 pedum.
756 3186 857 3230 semen
872 3169 981 3228 inlitum
997 3178 1026 3227 et
1041 3176 1179 3246 potamos

136 3250 165 3308 in
184 3250 252 3310 vino
274 3259 374 3311 contra
395 3253 540 3330 serpentis
561 3261 591 3313 et
611 3254 709 3314 toxica
726 3252 854 3314 salutare
876 3270 944 3313 esse
959 3252 1145 3330 proditur,a

94 3333 232 3398 ltmultis
246 3352 319 3396 vero
334 3335 453 3396 antidoti
483 3337 540 3396 vim
555 3336 665 3398 babere
681 3338 709 3397 in
722 3338 789 3396 vino
805 3346 835 3397 et
852 3336 929 3396 oleo.
955 3335 1144 3396 Democritus

124 3419 157 3474 in
180 3427 274 3480 totum
297 3437 332 3483 ea
356 3420 503 3482 abdicavit
524 3422 552 3480 in
573 3421 646 3481 cibis
669 3430 791 3501 propter
812 3420 992 3496 inflationes,
1017 3418 1144 3480 Diocles
