2422 3840
165 178 226 240 204
516 186 546 232 o.
562 186 656 231 rurum
675 182 826 231 aeonum

161 343 205 401 vis
230 351 258 402 et
278 339 409 400 dentibus
430 338 479 398 vel
494 355 548 416 per
568 356 601 398 se
623 337 857 398 conmanducata.
881 338 991 397 taenias
1011 335 1175 415 etreliqua

161 427 270 485 ventris
286 423 416 484 animalia
431 421 515 501 pellit
527 440 565 481 ex
577 431 662 481 aceto
678 430 707 482 et
719 421 806 481 melle
818 429 940 499 sumpta.
969 421 1084 498 linguae
1098 437 1174 498 quo·

163 528 219 587 que
242 524 347 568 reeens
369 505 499 566 subiecta
517 515 647 584 praestat
667 524 704 566 ne
724 505 876 583 hydropici
900 504 1005 563 sitiant.
1035 506 1177 582 coquitur

162 590 291 671 pluribus
306 589 409 666 modis,
424 591 452 648 iu
470 588 529 649 olla
544 607 619 668 quae
637 590 777 649 coiciatur
789 589 817 646 in
831 586 972 647 olibanum
987 597 1034 646 aut
1045 587 1174 663 furnum,

119 687 173 738 100
184 675 231 735 vel
253 673 338 752 adipe
360 681 408 733 aut
429 673 489 733 luto
506 672 602 748 inlita,
624 681 672 733 aut
696 673 837 732 frustatim
851 673 880 730 in
894 672 1007 749 patinis.
1036 679 1065 730 et
1080 671 1203 731 erudas

162 760 299 832 siccatur,
317 757 422 817 deinde
438 756 598 816 conciditur
613 757 804 834 coquiturque
820 757 848 814 in
864 763 960 830 aceto,
977 764 1034 814 tum
1048 773 1174 833 serpen·

162 843 231 902 tium
246 841 350 900 ictibus
366 841 519 919 inponitur.
548 849 623 900 tosta
642 857 758 918 quoque
775 847 914 918 purgatur
929 848 958 898 et
970 837 1095 899 medium
1108 839 1176 898 eius

161 929 265 986 iterum
282 925 311 983 in
330 941 405 1001 aqua
423 925 564 1002 coquitur.
595 941 665 982 usus
680 924 723 982 sio
742 931 845 982 coctae
865 922 900 982 ad
916 921 1112 1000 hydropicos,
1136 922 1176 982 ad

162 1010 271 1069 urinam
287 1008 416 1067 ciendam
432 1005 523 1065 tribus
538 1005 635 1066 obolis
651 1023 714 1064 cnm
728 1006 818 1066 melle
834 1015 862 1065 et
877 1015 962 1065 aceto
979 1015 1082 1084 potae,
1102 1006 1175 1064 item

162 1092 311 1171 splenicos
328 1100 357 1149 et
375 1089 587 1164 stomachicus,
604 1089 629 1147 si
647 1106 704 1148 uon
717 1090 841 1149 sentiant
858 1089 951 1166 uleus,
970 1088 1073 1167 quibus
1088 1090 1171 1149 inna·
1189 1106 1208 1146 r·

2 1224 3 1232 ,
162 1184 204 1235 tet
220 1173 317 1249 cibus,
340 1173 375 1232 ad
394 1174 531 1248 tormina,
555 1173 656 1250 regios
676 1172 813 1248 morbos,
835 1173 935 1232 tussim
954 1182 1084 1233 veterem
1107 1190 1175 1232 cum

2 1275 16 1322 ³.
120 1272 169 1324 101
180 1257 315 1335 suspirio.
345 1256 470 1316 Discutit
491 1264 520 1316 et
540 1256 618 1316 loliis
634 1265 755 1316 strumas
771 1256 917 1333 quadrinis
938 1257 1040 1316 diebus
1063 1257 1175 1333 soluta,

2 1336 15 1363 ²'
161 1340 287 1402 furfures
304 1341 407 1419 capitis
423 1349 452 1399 et
466 1340 565 1400 ulnera
580 1341 720 1400 manantia
741 1339 821 1400 inlita
845 1359 883 1399 ex
905 1339 973 1399 oleo
995 1348 1089 1400 cocta.
1124 1357 1174 1400 co·

163 1425 258 1504 quitur
274 1432 303 1482 et
319 1425 345 1482 in
361 1424 449 1483 melle
470 1422 527 1483 cibi
543 1425 653 1501 gratia,
676 1440 807 1483 maxume
827 1425 868 1482 nti
884 1423 1047 1484 coctionem
1066 1422 1174 1483 facias.

161 1511 205 1568 sic
223 1517 252 1567 et
267 1509 403 1567 interiora
420 1515 551 1586 purgat:
568 1509 654 1566 rimas
676 1507 780 1585 pedum
797 1514 879 1567 sanat
899 1509 927 1567 in
953 1506 1021 1566 oleo
1040 1516 1198 1567 contacto

161 1593 248 1651 mixta
264 1592 390 1651 resinae.
420 1609 521 1650 semen
537 1591 598 1650 eius
615 1589 775 1650 lumborum
791 1590 885 1650 dolori
902 1609 939 1650 ex
954 1591 1043 1651 melle
1058 1592 1175 1669 inponi-

162 1685 218 1735 tur.
248 1674 429 1752 Pythagoras
447 1673 559 1734 scillam
574 1675 602 1732 in
624 1672 720 1733 limine
737 1691 853 1753 quoque
875 1675 977 1734 ianuae
998 1692 1176 1753 suspensam

3 1795 15 1842 72
161 1759 301 1818 malorum
318 1757 590 1824 medicamentorum
608 1758 752 1817 introitum
769 1757 883 1835 pellere
899 1758 994 1818 tradit.

13 1853 15 1856 ’
119 1852 170 1906 102
226 1841 309 1919 (40.)
332 1839 468 1899 Ceterum
492 1838 570 1899 bulbi
593 1848 735 1900 exaucto
758 1849 787 1899 et
809 1841 929 1919 sulpure
953 1839 1124 1901 volneribus
1145 1842 1176 1900 in

15 1926 19 1949 ¹
160 1925 237 1984 iacis
257 1923 417 1983 medentur.
452 1940 507 2001 per
529 1940 561 1982 se
582 1940 654 1982 vero
677 1924 735 1983 triti
750 1941 904 1984 nervorum
929 1924 1121 1985 contractioni
1143 1934 1206 1984 eta

161 2026 199 2067 ex
218 2007 284 2065 vino
305 2007 463 2084 porrigini,
486 2024 549 2066 oum
574 2006 663 2066 melle
685 2023 785 2067 canum
807 2008 961 2068 morsibus.
992 2007 1175 2068 Erasistrato

161 2090 259 2168 placet
284 2107 347 2148 cum
371 2090 448 2168 pice.
479 2091 646 2168 sauguinem
667 2090 742 2151 idem
764 2091 871 2152 sistere
895 2110 947 2152 eos
969 2091 1054 2152 tradit
1072 2091 1177 2151 inlitos

1 2220 21 2257 4,
163 2191 226 2233 cum
246 2173 345 2233 melle.
378 2173 442 2250 alii,
464 2175 488 2234 si
509 2193 525 2234 e
547 2175 663 2234 naribus
684 2175 770 2250 duat,
793 2175 973 2236 coriandrum
998 2184 1027 2234 et
1049 2174 1176 2236 farinam

119 2267 170 2321 103
188 2257 322 2317 adiciunt.
363 2256 535 2320 Theodorus
558 2267 587 2317 et
617 2257 747 2319 lichenas
771 2277 808 2318 ex
840 2268 924 2320 aceto
954 2259 1050 2319 bulbis
1078 2269 1176 2337 curat,

161 2342 339 2420 erumpentia
359 2342 387 2400 in
410 2344 520 2420 capite,
544 2358 608 2402 cum
626 2343 694 2401 rino
713 2352 830 2402 austero
848 2352 896 2403 ant
912 2360 979 2403 ovo.
1016 2351 1045 2401 et
1061 2340 1197 2402 bulbosa

161 2426 311 2504 epiphoris
327 2425 403 2484 idem
418 2425 510 2484 inlinit
525 2433 554 2484 et
571 2425 669 2484 siccae
684 2423 846 2502 lippitudini
860 2426 954 2486 media
972 2442 1082 2485 eorum
1102 2427 1176 2486 vitia

161 2526 234 2586 quae
251 2509 359 2567 suntin
375 2509 451 2568 facie
468 2507 606 2567 rubentes
626 2526 759 2568 maxume
780 2511 808 2568 in
828 2509 893 2570 sole
914 2509 985 2569 inliti
1002 2528 1065 2569 cum
1080 2510 1176 2569 melle

163 2601 192 2650 et
203 2593 278 2651 nitro
291 2592 442 2652 emendant
445 2592 636 2690 ‚lentiginem
649 2610 712 2651 cunr
724 2593 790 2652 vino
803 2602 851 2652 aut
865 2610 928 2652 cum
941 2595 1055 2652 cumino
1072 2603 1175 2656 cocto.

160 2674 329 2733 volneribus
331 2692 463 2773 ‘quoque
480 2677 552 2734 mire
571 2685 691 2753 prosunt
707 2693 761 2754 per
783 2694 816 2735 se
841 2685 904 2752 aut,
926 2685 956 2736 ut
971 2677 1112 2753 Damion,
1135 2696 1176 2737 ex

1 2768 22 3201 ἑ
119 2766 171 2822 104
182 2757 288 2832 mulso,
314 2759 339 2816 si
358 2759 455 2835 quinto
472 2758 517 2817 die
535 2757 693 2818 solvantur.
726 2760 828 2820 iisdem
850 2768 880 2820 et
895 2759 1038 2821 auriculas
1060 2759 1208 2821 lraetas³

1 3204 22 3461 l

160 2850 240 2901 curat
262 2849 292 2900 et
314 2841 431 2900 testium
452 2841 579 2919 pituitas.
616 2842 644 2899 in
667 2841 852 2902 articulorum
873 2843 1024 2903 doloribus
1045 2843 1201 2904 miscent

159 2924 287 2984 laninam.
319 2926 347 2984 in
369 2925 435 2983 vino
462 2925 538 2984 cocti
554 2923 625 2983 inliti
648 2925 758 3001 ventri,
779 2924 910 2986 duritiam
931 2924 1176 3005 praecordiorum

101 3063 108 3071 ,
160 3008 318 3069 emolliunt.
349 3007 568 3083 dysintericis
559 3007 680 3067 mnino
705 3025 743 3067 ex
767 3026 840 3086 aqua
863 3009 984 3070 caelesti
1006 3019 1175 3109 temperato

160 3093 277 3167 dantur,
297 3093 332 3151 ad
353 3091 492 3152 convolsa
515 3092 591 3151 intus
618 3109 681 3151 oum
702 3092 809 3174 silphio
831 3093 928 3171 pilulis
953 3093 1038 3153 labae
1061 3096 1174 3170 magni-

158 3174 265 3235 tudine.
299 3175 334 3234 ad
359 3176 495 3236 sudorem
520 3175 595 3234 tunsi
620 3176 783 3236 inlinuntur.
812 3178 909 3236 nervis
926 3178 1029 3252 utiles,
1051 3175 1120 3236 ideo
1143 3188 1177 3238 et
1205 3195 1211 3208 ⁴

116 3270 168 3324 105
180 3259 348 3339 paralyticis
362 3259 472 3320 dantur.
498 3258 620 3319 luxata
612 3278 640 3319 rn
660 3260 782 3339 pedibus
799 3262 926 3339 quisunt
943 3260 996 3319 rull
1015 3277 1051 3318 ex
1066 3259 1113 3318 his
1132 3264 1175 3321 ci-

160 3346 269 3404 tissime
287 3353 387 3406 sanant
403 3361 466 3403 cunr
481 3342 571 3402 melle
585 3351 615 3403 et
626 3344 698 3403 sale.
730 3362 868 3404 venerem
880 3361 1012 3405 maxume
1027 3342 1176 3419 Megarici

1 3453 10 3488 ι
150 3427 312 3506 stimulant,
330 3427 473 3491 hortensii
489 3436 601 3508 partum
619 3445 682 3486 cum
703 3444 774 3505 sapa
793 3436 839 3488 aut
862 3445 950 3506 passo
974 3427 1096 3505 sumpti,
1121 3429 1175 3488 sil·

214 3658 275 3692 ⁴.⁴
365 3630 485 3691 „ht'

208 3700 257 3747 ab
341 3694 483 3724 (μεθ’

265 3726 268 3730 .
379 3732 381 3737 Ι
447 3728 474 3746 ‘b
