<?xml version="1.0" encoding="UTF-8"?>
<!DOCTYPE html PUBLIC "-//W3C//DTD XHTML 1.0 Transitional//EN"
    "http://www.w3.org/TR/xhtml1/DTD/xhtml1-transitional.dtd">
<html xmlns="http://www.w3.org/1999/xhtml" xml:lang="en" lang="en">
 <head>
  <title>
</title>
<meta http-equiv="Content-Type" content="text/html;charset=utf-8" />
  <meta name='ocr-system' content='tesseract 3.04.00' />
  <meta name='ocr-capabilities' content='ocr_page ocr_carea ocr_par ocr_line ocrx_word'/>
</head>
<body>
  <div class='ocr_page' id='page_1' title='image "./cplinisecundina04plingoog_0272.png"; bbox 0 0 2422 3840; ppageno 0'>
   <div class='ocr_carea' id='block_1_1' title="bbox 391 176 1130 256">
    <p class='ocr_par' dir='ltr' id='par_1_1' title="bbox 391 176 1130 256">
     <span class='ocr_line' id='line_1_1' title="bbox 391 176 1130 256; baseline 0.005 -20"><span class='ocrx_word' id='word_1_1' title='bbox 391 189 470 237; x_wconf 79' lang='lat' dir='ltr'><strong>unu.</strong></span> <span class='ocrx_word' id='word_1_2' title='bbox 485 189 576 238; x_wconf 77' lang='lat' dir='ltr'><strong>rursu.</strong></span> <span class='ocrx_word' id='word_1_3' title='bbox 588 191 647 237; x_wconf 87' lang='lat' dir='ltr'><strong>xx.</strong></span> <span class='ocrx_word' id='word_1_4' title='bbox 664 187 706 240; x_wconf 82' lang='lat'><strong>14.</strong></span> <span class='ocrx_word' id='word_1_5' title='bbox 726 176 879 256; x_wconf 78' lang='lat' dir='ltr'><strong>(oa-57.)</strong></span> <span class='ocrx_word' id='word_1_6' title='bbox 1070 176 1130 240; x_wconf 83' lang='lat'><strong>213</strong></span> 
     </span>
    </p>
   </div>
   <div class='ocr_carea' id='block_1_2' title="bbox 64 343 1178 3514">
    <p class='ocr_par' dir='ltr' id='par_1_2' title="bbox 78 343 1174 1242">
     <span class='ocr_line' id='line_1_2' title="bbox 131 343 1131 423; baseline -0.003 -17"><span class='ocrx_word' id='word_1_7' title='bbox 131 355 232 422; x_wconf 88' lang='lat' dir='ltr'><strong>vetur,</strong></span> <span class='ocrx_word' id='word_1_8' title='bbox 256 343 447 405; x_wconf 82' lang='lat' dir='ltr'><strong>comitialibus</strong></span> <span class='ocrx_word' id='word_1_9' title='bbox 462 345 491 402; x_wconf 93' lang='lat' dir='ltr'><strong>in</strong></span> <span class='ocrx_word' id='word_1_10' title='bbox 507 353 591 403; x_wconf 89' lang='lat' dir='ltr'><strong>aceto</strong></span> <span class='ocrx_word' id='word_1_11' title='bbox 608 344 703 418; x_wconf 78' lang='lat' dir='ltr'><strong>cyathi</strong></span> <span class='ocrx_word' id='word_1_12' title='bbox 724 362 856 403; x_wconf 89' lang='lat' dir='ltr'><strong>mensura</strong></span> <span class='ocrx_word' id='word_1_13' title='bbox 879 344 970 404; x_wconf 91' lang='lat' dir='ltr'><strong>datur.</strong></span> <span class='ocrx_word' id='word_1_14' title='bbox 1000 345 1025 403; x_wconf 93' lang='lat' dir='ltr'><strong>si</strong></span> <span class='ocrx_word' id='word_1_15' title='bbox 1040 361 1131 423; x_wconf 88' lang='lat' dir='ltr'><strong>aquae</strong></span> 
     </span>
     <span class='ocr_line' id='line_1_3' title="bbox 78 427 1132 506; baseline -0.008 -12"><span class='ocrx_word' id='word_1_16' title='bbox 78 491 80 494; x_wconf 77' lang='grc'>,</span> <span class='ocrx_word' id='word_1_17' title='bbox 132 429 295 500; x_wconf 82' lang='lat' dir='ltr'><strong>insalubres</strong></span> <span class='ocrx_word' id='word_1_18' title='bbox 321 427 466 488; x_wconf 91' lang='lat' dir='ltr'><strong>bibendae</strong></span> <span class='ocrx_word' id='word_1_19' title='bbox 492 428 566 504; x_wconf 89' lang='lat' dir='ltr'><strong>sint,</strong></span> <span class='ocrx_word' id='word_1_20' title='bbox 594 428 688 487; x_wconf 90' lang='lat' dir='ltr'><strong>tritum</strong></span> <span class='ocrx_word' id='word_1_21' title='bbox 714 428 907 506; x_wconf 79' lang='lat' dir='ltr'><strong>adspergitur.</strong></span> <span class='ocrx_word' id='word_1_22' title='bbox 948 427 1132 488; x_wconf 89' lang='lat' dir='ltr'><strong>salsitudines</strong></span> 
     </span>
     <span class='ocr_line' id='line_1_4' title="bbox 133 511 1134 591; baseline -0.002 -18"><span class='ocrx_word' id='word_1_23' title='bbox 133 515 284 591; x_wconf 90' lang='lat' dir='ltr'><strong>corporis,</strong></span> <span class='ocrx_word' id='word_1_24' title='bbox 308 513 413 571; x_wconf 91' lang='lat' dir='ltr'><strong>sicum</strong></span> <span class='ocrx_word' id='word_1_25' title='bbox 430 511 497 569; x_wconf 92' lang='lat' dir='ltr'><strong>vino</strong></span> <span class='ocrx_word' id='word_1_26' title='bbox 514 519 669 587; x_wconf 75' lang='lat' dir='ltr'><strong>tractetur,</strong></span> <span class='ocrx_word' id='word_1_27' title='bbox 691 512 806 587; x_wconf 88' lang='lat' dir='ltr'><strong>minuit,</strong></span> <span class='ocrx_word' id='word_1_28' title='bbox 828 528 983 571; x_wconf 89' lang='lat' dir='ltr'><strong>nervorum</strong></span> <span class='ocrx_word' id='word_1_29' title='bbox 1003 529 1088 572; x_wconf 90' lang='lat' dir='ltr'><strong>causa</strong></span> <span class='ocrx_word' id='word_1_30' title='bbox 1105 520 1134 571; x_wconf 89' lang='lat' dir='ltr'><strong>et</strong></span> 
     </span>
     <span class='ocr_line' id='line_1_5' title="bbox 131 594 1133 656; baseline -0.003 0"><span class='ocrx_word' id='word_1_31' title='bbox 131 598 160 656; x_wconf 94' lang='lat' dir='ltr'><strong>in</strong></span> <span class='ocrx_word' id='word_1_32' title='bbox 189 597 387 656; x_wconf 90' lang='lat' dir='ltr'><strong>contractione</strong></span> <span class='ocrx_word' id='word_1_33' title='bbox 417 613 481 654; x_wconf 92' lang='lat' dir='ltr'><strong>cum</strong></span> <span class='ocrx_word' id='word_1_34' title='bbox 506 594 569 654; x_wconf 88' lang='lat' dir='ltr'><strong>sale</strong></span> <span class='ocrx_word' id='word_1_35' title='bbox 597 603 625 654; x_wconf 91' lang='lat' dir='ltr'><strong>et</strong></span> <span class='ocrx_word' id='word_1_36' title='bbox 648 603 733 655; x_wconf 88' lang='lat' dir='ltr'><strong>aceto</strong></span> <span class='ocrx_word' id='word_1_37' title='bbox 761 604 791 654; x_wconf 88' lang='lat' dir='ltr'><strong>et</strong></span> <span class='ocrx_word' id='word_1_38' title='bbox 814 595 902 655; x_wconf 93' lang='lat' dir='ltr'><strong>melle</strong></span> <span class='ocrx_word' id='word_1_39' title='bbox 928 595 1076 655; x_wconf 86' lang='lat' dir='ltr'><strong>infricatur</strong></span> <span class='ocrx_word' id='word_1_40' title='bbox 1103 597 1133 654; x_wconf 93' lang='lat' dir='ltr'><strong>in</strong></span> 
     </span>
     <span class='ocr_line' id='line_1_6' title="bbox 111 677 1174 759; baseline 0.003 -22"><span class='ocrx_word' id='word_1_41' title='bbox 111 680 331 759; x_wconf 79' lang='lat' dir='ltr'><strong>sopistbotono.</strong></span> <span class='ocrx_word' id='word_1_42' title='bbox 376 677 481 738; x_wconf 86' lang='lat' dir='ltr'><strong>bibitur</strong></span> <span class='ocrx_word' id='word_1_43' title='bbox 507 677 542 738; x_wconf 88' lang='lat' dir='ltr'><strong>ad</strong></span> <span class='ocrx_word' id='word_1_44' title='bbox 572 679 748 757; x_wconf 85' lang='lat' dir='ltr'><strong>serpentium</strong></span> <span class='ocrx_word' id='word_1_45' title='bbox 773 679 847 738; x_wconf 89' lang='lat' dir='ltr'><strong>ictus</strong></span> <span class='ocrx_word' id='word_1_46' title='bbox 874 679 1044 753; x_wconf 87' lang='lat' dir='ltr'><strong>decoctum,</strong></span> <span class='ocrx_word' id='word_1_47' title='bbox 1076 679 1111 738; x_wconf 89' lang='lat' dir='ltr'><strong>ad</strong></span> <span class='ocrx_word' id='word_1_48' title='bbox 1125 688 1174 740; x_wconf 81' lang='lat'><strong>155</strong></span> 
     </span>
     <span class='ocr_line' id='line_1_7' title="bbox 133 762 1133 843; baseline -0.004 -19"><span class='ocrx_word' id='word_1_49' title='bbox 133 766 321 843; x_wconf 90' lang='lat' dir='ltr'><strong>scorpionum</strong></span> <span class='ocrx_word' id='word_1_50' title='bbox 337 763 364 820; x_wconf 93' lang='lat' dir='ltr'><strong>in</strong></span> <span class='ocrx_word' id='word_1_51' title='bbox 380 762 447 821; x_wconf 83' lang='lat' dir='ltr'><strong>vino</strong></span> <span class='ocrx_word' id='word_1_52' title='bbox 466 763 578 837; x_wconf 88' lang='lat' dir='ltr'><strong>tritum,</strong></span> <span class='ocrx_word' id='word_1_53' title='bbox 595 780 727 821; x_wconf 85' lang='lat' dir='ltr'><strong>maxume</strong></span> <span class='ocrx_word' id='word_1_54' title='bbox 745 762 821 840; x_wconf 93' lang='lat' dir='ltr'><strong>quod</strong></span> <span class='ocrx_word' id='word_1_55' title='bbox 838 763 866 820; x_wconf 90' lang='lat' dir='ltr'><strong>in</strong></span> <span class='ocrx_word' id='word_1_56' title='bbox 885 762 972 820; x_wconf 90' lang='lat' dir='ltr'><strong>siccis</strong></span> <span class='ocrx_word' id='word_1_57' title='bbox 994 763 1133 820; x_wconf 89' lang='lat' dir='ltr'><strong>nascitur.</strong></span> 
     </span>
     <span class='ocr_line' id='line_1_8' title="bbox 132 843 1132 920; baseline -0.006 -11"><span class='ocrx_word' id='word_1_58' title='bbox 132 849 167 909; x_wconf 88' lang='lat' dir='ltr'><strong>ad</strong></span> <span class='ocrx_word' id='word_1_59' title='bbox 188 850 248 908; x_wconf 93' lang='lat' dir='ltr'><strong>oris</strong></span> <span class='ocrx_word' id='word_1_60' title='bbox 267 845 522 920; x_wconf 81' lang='lat' dir='ltr'><strong>exulcerationes,</strong></span> <span class='ocrx_word' id='word_1_61' title='bbox 546 844 581 906; x_wconf 93' lang='lat' dir='ltr'><strong>ad</strong></span> <span class='ocrx_word' id='word_1_62' title='bbox 602 846 702 907; x_wconf 88' lang='lat' dir='ltr'><strong>tussim</strong></span> <span class='ocrx_word' id='word_1_63' title='bbox 723 845 829 905; x_wconf 83' lang='lat' dir='ltr'><strong>ellioex</strong></span> <span class='ocrx_word' id='word_1_64' title='bbox 849 843 981 904; x_wconf 89' lang='lat' dir='ltr'><strong>babetur.</strong></span> <span class='ocrx_word' id='word_1_65' title='bbox 1015 843 1070 904; x_wconf 90' lang='lat' dir='ltr'><strong>llos</strong></span> <span class='ocrx_word' id='word_1_66' title='bbox 1086 863 1132 903; x_wconf 92' lang='lat' dir='ltr'><strong>re·</strong></span> 
     </span>
     <span class='ocr_line' id='line_1_9' title="bbox 133 927 1131 1006; baseline -0.004 -15"><span class='ocrx_word' id='word_1_67' title='bbox 133 934 224 991; x_wconf 91' lang='lat' dir='ltr'><strong>centis</strong></span> <span class='ocrx_word' id='word_1_68' title='bbox 250 933 387 989; x_wconf 92' lang='lat' dir='ltr'><strong>incensus</strong></span> <span class='ocrx_word' id='word_1_69' title='bbox 407 927 520 1006; x_wconf 84' lang='lat' dir='ltr'><strong>pulices</strong></span> <span class='ocrx_word' id='word_1_70' title='bbox 543 939 628 989; x_wconf 88' lang='lat' dir='ltr'><strong>necat</strong></span> <span class='ocrx_word' id='word_1_71' title='bbox 647 929 749 989; x_wconf 88' lang='lat' dir='ltr'><strong>odore.</strong></span> <span class='ocrx_word' id='word_1_72' title='bbox 783 927 966 988; x_wconf 88' lang='lat' dir='ltr'><strong>Xenocrates</strong></span> <span class='ocrx_word' id='word_1_73' title='bbox 983 927 1062 1005; x_wconf 88' lang='lat' dir='ltr'><strong>pulei</strong></span> <span class='ocrx_word' id='word_1_74' title='bbox 1087 947 1131 987; x_wconf 91' lang='lat' dir='ltr'><strong>ra-</strong></span> 
     </span>
     <span class='ocr_line' id='line_1_10' title="bbox 132 1011 1132 1076; baseline -0.002 -3"><span class='ocrx_word' id='word_1_75' title='bbox 132 1032 207 1074; x_wconf 91' lang='lat' dir='ltr'><strong>mum</strong></span> <span class='ocrx_word' id='word_1_76' title='bbox 228 1014 293 1076; x_wconf 87' lang='lat' dir='ltr'><strong>lana</strong></span> <span class='ocrx_word' id='word_1_77' title='bbox 315 1013 472 1073; x_wconf 89' lang='lat' dir='ltr'><strong>involutum</strong></span> <span class='ocrx_word' id='word_1_78' title='bbox 489 1014 518 1072; x_wconf 92' lang='lat' dir='ltr'><strong>in</strong></span> <span class='ocrx_word' id='word_1_79' title='bbox 537 1013 664 1073; x_wconf 88' lang='lat' dir='ltr'><strong>tertianis</strong></span> <span class='ocrx_word' id='word_1_80' title='bbox 684 1022 751 1072; x_wconf 87' lang='lat' dir='ltr'><strong>ante</strong></span> <span class='ocrx_word' id='word_1_81' title='bbox 773 1013 973 1073; x_wconf 86' lang='lat' dir='ltr'><strong>accessionem</strong></span> <span class='ocrx_word' id='word_1_82' title='bbox 993 1011 1132 1072; x_wconf 86' lang='lat' dir='ltr'><strong>olfactan-</strong></span> 
     </span>
     <span class='ocr_line' id='line_1_11' title="bbox 98 1095 1134 1173; baseline 0.003 -21"><span class='ocrx_word' id='word_1_83' title='bbox 98 1098 199 1159; x_wconf 87' lang='lat' dir='ltr'><strong>1odum</strong></span> <span class='ocrx_word' id='word_1_84' title='bbox 215 1098 275 1158; x_wconf 91' lang='lat' dir='ltr'><strong>dari</strong></span> <span class='ocrx_word' id='word_1_85' title='bbox 297 1106 345 1157; x_wconf 90' lang='lat' dir='ltr'><strong>aut</strong></span> <span class='ocrx_word' id='word_1_86' title='bbox 364 1095 500 1173; x_wconf 80' lang='lat' dir='ltr'><strong>stragulis</strong></span> <span class='ocrx_word' id='word_1_87' title='bbox 522 1096 616 1156; x_wconf 89' lang='lat' dir='ltr'><strong>subici</strong></span> <span class='ocrx_word' id='word_1_88' title='bbox 639 1106 667 1156; x_wconf 89' lang='grc' dir='ltr'><strong>ει</strong></span> <span class='ocrx_word' id='word_1_89' title='bbox 688 1098 725 1156; x_wconf 89' lang='lat' dir='ltr'><strong>ita</strong></span> <span class='ocrx_word' id='word_1_90' title='bbox 749 1096 898 1156; x_wconf 87' lang='lat' dir='ltr'><strong>conlocari</strong></span> <span class='ocrx_word' id='word_1_91' title='bbox 919 1112 1039 1173; x_wconf 85' lang='lat' dir='ltr'><strong>aegrum</strong></span> <span class='ocrx_word' id='word_1_92' title='bbox 1059 1097 1134 1155; x_wconf 87' lang='lat' dir='ltr'><strong>inter</strong></span> 
     </span>
     <span class='ocr_line' id='line_1_12' title="bbox 132 1180 369 1242; baseline -0.008 -1"><span class='ocrx_word' id='word_1_93' title='bbox 132 1182 260 1242; x_wconf 90' lang='lat' dir='ltr'><strong>remedia</strong></span> <span class='ocrx_word' id='word_1_94' title='bbox 275 1180 369 1241; x_wconf 88' lang='lat' dir='ltr'><strong>tradit.</strong></span> 
     </span>
    </p>

    <p class='ocr_par' dir='ltr' id='par_1_3' title="bbox 131 1262 1176 1508">
     <span class='ocr_line' id='line_1_13' title="bbox 193 1262 1176 1344; baseline 0.004 -19"><span class='ocrx_word' id='word_1_95' title='bbox 193 1265 277 1344; x_wconf 83' lang='lat'><strong>(55.)</strong></span> <span class='ocrx_word' id='word_1_96' title='bbox 306 1264 439 1324; x_wconf 80' lang='lat' dir='ltr'><strong>silvestri</strong></span> <span class='ocrx_word' id='word_1_97' title='bbox 460 1262 495 1323; x_wconf 88' lang='lat' dir='ltr'><strong>ad</strong></span> <span class='ocrx_word' id='word_1_98' title='bbox 510 1263 612 1323; x_wconf 90' lang='lat' dir='ltr'><strong>eadem</strong></span> <span class='ocrx_word' id='word_1_99' title='bbox 626 1264 670 1322; x_wconf 85' lang='lat' dir='ltr'><strong>vis</strong></span> <span class='ocrx_word' id='word_1_100' title='bbox 686 1263 844 1324; x_wconf 85' lang='lat' dir='ltr'><strong>eilicacior.</strong></span> <span class='ocrx_word' id='word_1_101' title='bbox 881 1264 974 1323; x_wconf 90' lang='lat' dir='ltr'><strong>simile</strong></span> <span class='ocrx_word' id='word_1_102' title='bbox 996 1273 1041 1323; x_wconf 90' lang='lat' dir='ltr'><strong>est</strong></span> <span class='ocrx_word' id='word_1_103' title='bbox 1056 1264 1176 1329; x_wconf 77' lang='lat' dir='ltr'><strong>ori-156</strong></span> 
     </span>
     <span class='ocr_line' id='line_1_14' title="bbox 131 1345 1133 1426; baseline 0.001 -18"><span class='ocrx_word' id='word_1_104' title='bbox 131 1365 225 1426; x_wconf 78' lang='lat' dir='ltr'><strong>gano,</strong></span> <span class='ocrx_word' id='word_1_105' title='bbox 248 1346 404 1407; x_wconf 90' lang='lat' dir='ltr'><strong>minoribus</strong></span> <span class='ocrx_word' id='word_1_106' title='bbox 420 1345 498 1405; x_wconf 87' lang='lat' dir='ltr'><strong>loliis</strong></span> <span class='ocrx_word' id='word_1_107' title='bbox 514 1363 597 1424; x_wconf 92' lang='lat' dir='ltr'><strong>quam</strong></span> <span class='ocrx_word' id='word_1_108' title='bbox 612 1347 751 1422; x_wconf 86' lang='lat' dir='ltr'><strong>sativum,</strong></span> <span class='ocrx_word' id='word_1_109' title='bbox 774 1355 803 1405; x_wconf 91' lang='lat' dir='ltr'><strong>et</strong></span> <span class='ocrx_word' id='word_1_110' title='bbox 819 1346 1026 1424; x_wconf 87' lang='lat' dir='ltr'><strong>aquibusdam</strong></span> <span class='ocrx_word' id='word_1_111' title='bbox 1044 1349 1133 1409; x_wconf 91' lang='lat' dir='ltr'><strong>dicta·</strong></span> 
     </span>
     <span class='ocr_line' id='line_1_15' title="bbox 131 1429 1133 1508; baseline 0.001 -17"><span class='ocrx_word' id='word_1_112' title='bbox 131 1449 214 1491; x_wconf 92' lang='lat' dir='ltr'><strong>mnos</strong></span> <span class='ocrx_word' id='word_1_113' title='bbox 224 1439 355 1490; x_wconf 89' lang='lat' dir='ltr'><strong>vocatur.</strong></span> <span class='ocrx_word' id='word_1_114' title='bbox 378 1437 522 1507; x_wconf 81' lang='lat' dir='ltr'><strong>gustatum</strong></span> <span class='ocrx_word' id='word_1_115' title='bbox 538 1447 555 1489; x_wconf 88' lang='lat' dir='ltr'><strong>a</strong></span> <span class='ocrx_word' id='word_1_116' title='bbox 570 1444 680 1508; x_wconf 91' lang='lat' dir='ltr'><strong>pecore</strong></span> <span class='ocrx_word' id='word_1_117' title='bbox 693 1430 846 1507; x_wconf 88' lang='lat' dir='ltr'><strong>caprisque</strong></span> <span class='ocrx_word' id='word_1_118' title='bbox 859 1429 985 1491; x_wconf 89' lang='lat' dir='ltr'><strong>balatum</strong></span> <span class='ocrx_word' id='word_1_119' title='bbox 998 1434 1133 1508; x_wconf 89' lang='lat' dir='ltr'><strong>concitat,</strong></span> 
     </span>
    </p>

    <p class='ocr_par' dir='ltr' id='par_1_4' title="bbox 98 1511 1177 2345">
     <span class='ocr_line' id='line_1_16' title="bbox 98 1511 1133 1592; baseline -0.002 -17"><span class='ocrx_word' id='word_1_120' title='bbox 98 1515 207 1578; x_wconf 78' lang='lat' dir='ltr'><strong>inundo</strong></span> <span class='ocrx_word' id='word_1_121' title='bbox 230 1513 344 1592; x_wconf 90' lang='lat' dir='ltr'><strong>quidam</strong></span> <span class='ocrx_word' id='word_1_122' title='bbox 365 1512 468 1572; x_wconf 90' lang='lat' dir='ltr'><strong>Graeci</strong></span> <span class='ocrx_word' id='word_1_123' title='bbox 497 1513 592 1573; x_wconf 90' lang='lat' dir='ltr'><strong>littera</strong></span> <span class='ocrx_word' id='word_1_124' title='bbox 614 1521 720 1572; x_wconf 89' lang='lat' dir='ltr'><strong>mutata</strong></span> <span class='ocrx_word' id='word_1_125' title='bbox 747 1511 921 1573; x_wconf 87' lang='lat' dir='ltr'><strong>blechonem</strong></span> <span class='ocrx_word' id='word_1_126' title='bbox 946 1525 1133 1576; x_wconf 87' lang='lat' dir='ltr'><strong>vocaverunt.</strong></span> 
     </span>
     <span class='ocr_line' id='line_1_17' title="bbox 134 1595 1136 1674; baseline 0 -18"><span class='ocrx_word' id='word_1_127' title='bbox 134 1607 232 1658; x_wconf 88' lang='lat' dir='ltr'><strong>nature</strong></span> <span class='ocrx_word' id='word_1_128' title='bbox 257 1605 314 1655; x_wconf 90' lang='lat' dir='ltr'><strong>tam</strong></span> <span class='ocrx_word' id='word_1_129' title='bbox 333 1595 451 1656; x_wconf 82' lang='lat' dir='ltr'><strong>fervens</strong></span> <span class='ocrx_word' id='word_1_130' title='bbox 475 1605 519 1656; x_wconf 98' lang='grc' dir='ltr'><strong>εει</strong></span> <span class='ocrx_word' id='word_1_131' title='bbox 539 1605 570 1656; x_wconf 93' lang='lat' dir='ltr'><strong>ut</strong></span> <span class='ocrx_word' id='word_1_132' title='bbox 592 1595 688 1655; x_wconf 89' lang='lat' dir='ltr'><strong>inlitas</strong></span> <span class='ocrx_word' id='word_1_133' title='bbox 710 1596 800 1674; x_wconf 86' lang='lat' dir='ltr'><strong>partis</strong></span> <span class='ocrx_word' id='word_1_134' title='bbox 824 1598 988 1658; x_wconf 87' lang='lat' dir='ltr'><strong>exulceret.</strong></span> <span class='ocrx_word' id='word_1_135' title='bbox 1016 1599 1088 1658; x_wconf 93' lang='lat' dir='ltr'><strong>tussi</strong></span> <span class='ocrx_word' id='word_1_136' title='bbox 1107 1600 1136 1656; x_wconf 89' lang='lat' dir='ltr'><strong>iu</strong></span> 
     </span>
     <span class='ocr_line' id='line_1_18' title="bbox 133 1679 1134 1760; baseline 0 -20"><span class='ocrx_word' id='word_1_137' title='bbox 133 1681 322 1760; x_wconf 87' lang='lat' dir='ltr'><strong>perfrictione</strong></span> <span class='ocrx_word' id='word_1_138' title='bbox 344 1680 442 1738; x_wconf 85' lang='lat' dir='ltr'><strong>fricari</strong></span> <span class='ocrx_word' id='word_1_139' title='bbox 460 1688 527 1739; x_wconf 87' lang='lat' dir='ltr'><strong>ante</strong></span> <span class='ocrx_word' id='word_1_140' title='bbox 547 1679 662 1740; x_wconf 89' lang='lat' dir='ltr'><strong>balinea</strong></span> <span class='ocrx_word' id='word_1_141' title='bbox 681 1679 832 1756; x_wconf 86' lang='lat' dir='ltr'><strong>convenit,</strong></span> <span class='ocrx_word' id='word_1_142' title='bbox 856 1690 886 1741; x_wconf 92' lang='grc' dir='ltr'><strong>ει</strong></span> <span class='ocrx_word' id='word_1_143' title='bbox 905 1692 970 1742; x_wconf 89' lang='lat' dir='ltr'><strong>ante</strong></span> <span class='ocrx_word' id='word_1_144' title='bbox 987 1682 1134 1742; x_wconf 85' lang='lat' dir='ltr'><strong>accessio-</strong></span> 
     </span>
     <span class='ocr_line' id='line_1_19' title="bbox 134 1762 1177 1845; baseline 0.006 -21"><span class='ocrx_word' id='word_1_145' title='bbox 134 1784 198 1824; x_wconf 94' lang='lat' dir='ltr'><strong>num</strong></span> <span class='ocrx_word' id='word_1_146' title='bbox 212 1763 363 1823; x_wconf 92' lang='lat' dir='ltr'><strong>borrorem</strong></span> <span class='ocrx_word' id='word_1_147' title='bbox 378 1763 528 1824; x_wconf 89' lang='lat' dir='ltr'><strong>convolsis</strong></span> <span class='ocrx_word' id='word_1_148' title='bbox 542 1773 570 1823; x_wconf 90' lang='grc' dir='ltr'><strong>ει</strong></span> <span class='ocrx_word' id='word_1_149' title='bbox 586 1762 763 1824; x_wconf 91' lang='lat' dir='ltr'><strong>torminibus.</strong></span> <span class='ocrx_word' id='word_1_150' title='bbox 786 1764 926 1843; x_wconf 82' lang='lat' dir='ltr'><strong>podagris</strong></span> <span class='ocrx_word' id='word_1_151' title='bbox 938 1767 1011 1825; x_wconf 89' lang='lat' dir='ltr'><strong>mire</strong></span> <span class='ocrx_word' id='word_1_152' title='bbox 1027 1766 1177 1845; x_wconf 79' lang='lat' dir='ltr'><strong>prod-157</strong></span> 
     </span>
     <span class='ocr_line' id='line_1_20' title="bbox 134 1845 1135 1928; baseline 0.001 -20"><span class='ocrx_word' id='word_1_153' title='bbox 134 1858 194 1925; x_wconf 86' lang='lat' dir='ltr'><strong>est,</strong></span> <span class='ocrx_word' id='word_1_154' title='bbox 215 1848 350 1926; x_wconf 90' lang='lat' dir='ltr'><strong>spasticis</strong></span> <span class='ocrx_word' id='word_1_155' title='bbox 368 1864 431 1907; x_wconf 91' lang='lat' dir='ltr'><strong>cum</strong></span> <span class='ocrx_word' id='word_1_156' title='bbox 448 1847 536 1907; x_wconf 92' lang='lat' dir='ltr'><strong>melle</strong></span> <span class='ocrx_word' id='word_1_157' title='bbox 553 1857 582 1908; x_wconf 92' lang='lat' dir='ltr'><strong>et</strong></span> <span class='ocrx_word' id='word_1_158' title='bbox 596 1848 659 1909; x_wconf 87' lang='lat' dir='ltr'><strong>sale</strong></span> <span class='ocrx_word' id='word_1_159' title='bbox 676 1845 830 1909; x_wconf 91' lang='lat' dir='ltr'><strong>bibendum</strong></span> <span class='ocrx_word' id='word_1_160' title='bbox 848 1848 947 1926; x_wconf 84' lang='lat' dir='ltr'><strong>datur,</strong></span> <span class='ocrx_word' id='word_1_161' title='bbox 970 1851 1135 1928; x_wconf 89' lang='lat' dir='ltr'><strong>pulmonum</strong></span> 
     </span>
     <span class='ocr_line' id='line_1_21' title="bbox 98 1930 1134 1994; baseline 0.007 -7"><span class='ocrx_word' id='word_1_162' title='bbox 98 1934 201 1993; x_wconf 80' lang='lat' dir='ltr'><strong>aovitia</strong></span> <span class='ocrx_word' id='word_1_163' title='bbox 218 1930 410 1993; x_wconf 87' lang='lat' dir='ltr'><strong>exscreabilia</strong></span> <span class='ocrx_word' id='word_1_164' title='bbox 424 1931 502 1991; x_wconf 88' lang='lat' dir='ltr'><strong>lacit.</strong></span> <span class='ocrx_word' id='word_1_165' title='bbox 534 1932 570 1992; x_wconf 90' lang='lat' dir='ltr'><strong>ad</strong></span> <span class='ocrx_word' id='word_1_166' title='bbox 582 1932 687 1992; x_wconf 91' lang='lat' dir='ltr'><strong>lienem</strong></span> <span class='ocrx_word' id='word_1_167' title='bbox 705 1950 769 1992; x_wconf 89' lang='lat' dir='ltr'><strong>cum</strong></span> <span class='ocrx_word' id='word_1_168' title='bbox 786 1932 847 1993; x_wconf 88' lang='lat' dir='ltr'><strong>sale</strong></span> <span class='ocrx_word' id='word_1_169' title='bbox 863 1934 934 1993; x_wconf 92' lang='lat' dir='ltr'><strong>utile</strong></span> <span class='ocrx_word' id='word_1_170' title='bbox 953 1943 1042 1994; x_wconf 89' lang='lat' dir='ltr'><strong>estet</strong></span> <span class='ocrx_word' id='word_1_171' title='bbox 1059 1935 1134 1994; x_wconf 88' lang='lat' dir='ltr'><strong>resi·</strong></span> 
     </span>
     <span class='ocr_line' id='line_1_22' title="bbox 133 2015 1135 2097; baseline 0 -20"><span class='ocrx_word' id='word_1_172' title='bbox 133 2036 185 2077; x_wconf 89' lang='lat' dir='ltr'><strong>cae</strong></span> <span class='ocrx_word' id='word_1_173' title='bbox 201 2024 230 2075; x_wconf 88' lang='lat' dir='ltr'><strong>et</strong></span> <span class='ocrx_word' id='word_1_174' title='bbox 244 2017 376 2095; x_wconf 91' lang='lat' dir='ltr'><strong>suspiriis</strong></span> <span class='ocrx_word' id='word_1_175' title='bbox 394 2024 422 2074; x_wconf 91' lang='lat' dir='ltr'><strong>et</strong></span> <span class='ocrx_word' id='word_1_176' title='bbox 437 2015 645 2091; x_wconf 84' lang='lat' dir='ltr'><strong>inflationibus,</strong></span> <span class='ocrx_word' id='word_1_177' title='bbox 662 2017 816 2077; x_wconf 91' lang='lat' dir='ltr'><strong>decoctum</strong></span> <span class='ocrx_word' id='word_1_178' title='bbox 830 2035 902 2078; x_wconf 90' lang='lat' dir='ltr'><strong>suco</strong></span> <span class='ocrx_word' id='word_1_179' title='bbox 918 2019 1089 2097; x_wconf 88' lang='lat' dir='ltr'><strong>aequaliter,</strong></span> <span class='ocrx_word' id='word_1_180' title='bbox 1106 2027 1135 2077; x_wconf 89' lang='lat' dir='ltr'><strong>et</strong></span> 
     </span>
     <span class='ocr_line' id='line_1_23' title="bbox 131 2098 1135 2176; baseline 0.002 -18"><span class='ocrx_word' id='word_1_181' title='bbox 131 2100 233 2161; x_wconf 86' lang='lat' dir='ltr'><strong>volvas</strong></span> <span class='ocrx_word' id='word_1_182' title='bbox 253 2100 375 2176; x_wconf 79' lang='lat' dir='ltr'><strong>corrigit</strong></span> <span class='ocrx_word' id='word_1_183' title='bbox 397 2106 427 2157; x_wconf 89' lang='lat' dir='ltr'><strong>et</strong></span> <span class='ocrx_word' id='word_1_184' title='bbox 441 2109 543 2159; x_wconf 88' lang='lat' dir='ltr'><strong>contra</strong></span> <span class='ocrx_word' id='word_1_185' title='bbox 559 2098 783 2176; x_wconf 85' lang='lat' dir='ltr'><strong>scolopendram</strong></span> <span class='ocrx_word' id='word_1_186' title='bbox 801 2110 970 2161; x_wconf 85' lang='lat' dir='ltr'><strong>terrestrem</strong></span> <span class='ocrx_word' id='word_1_187' title='bbox 987 2101 1036 2162; x_wconf 86' lang='lat' dir='ltr'><strong>vel</strong></span> <span class='ocrx_word' id='word_1_188' title='bbox 1051 2102 1135 2160; x_wconf 87' lang='lat' dir='ltr'><strong>mari·</strong></span> 
     </span>
     <span class='ocr_line' id='line_1_24' title="bbox 131 2181 1135 2260; baseline 0.003 -20"><span class='ocrx_word' id='word_1_189' title='bbox 131 2200 210 2255; x_wconf 88' lang='lat' dir='ltr'><strong>nam,</strong></span> <span class='ocrx_word' id='word_1_190' title='bbox 237 2184 305 2241; x_wconf 91' lang='lat' dir='ltr'><strong>item</strong></span> <span class='ocrx_word' id='word_1_191' title='bbox 332 2181 521 2257; x_wconf 84' lang='lat' dir='ltr'><strong>scorpiones,</strong></span> <span class='ocrx_word' id='word_1_192' title='bbox 552 2182 742 2260; x_wconf 89' lang='lat' dir='ltr'><strong>privatimque</strong></span> <span class='ocrx_word' id='word_1_193' title='bbox 767 2183 847 2242; x_wconf 87' lang='lat' dir='ltr'><strong>valet</strong></span> <span class='ocrx_word' id='word_1_194' title='bbox 881 2195 981 2244; x_wconf 86' lang='lat' dir='ltr'><strong>contra</strong></span> <span class='ocrx_word' id='word_1_195' title='bbox 1013 2184 1135 2244; x_wconf 91' lang='lat' dir='ltr'><strong>hominis</strong></span> 
     </span>
     <span class='ocr_line' id='line_1_25' title="bbox 132 2264 1135 2345; baseline 0.002 -22"><span class='ocrx_word' id='word_1_196' title='bbox 132 2282 267 2325; x_wconf 90' lang='lat' dir='ltr'><strong>morsum.</strong></span> <span class='ocrx_word' id='word_1_197' title='bbox 296 2264 380 2324; x_wconf 85' lang='lat' dir='ltr'><strong>radix</strong></span> <span class='ocrx_word' id='word_1_198' title='bbox 405 2272 505 2323; x_wconf 89' lang='lat' dir='ltr'><strong>contra</strong></span> <span class='ocrx_word' id='word_1_199' title='bbox 531 2264 724 2324; x_wconf 88' lang='lat' dir='ltr'><strong>increscentia</strong></span> <span class='ocrx_word' id='word_1_200' title='bbox 743 2265 840 2325; x_wconf 88' lang='lat' dir='ltr'><strong>ulcera</strong></span> <span class='ocrx_word' id='word_1_201' title='bbox 863 2283 969 2326; x_wconf 89' lang='lat' dir='ltr'><strong>recens</strong></span> <span class='ocrx_word' id='word_1_202' title='bbox 995 2269 1135 2345; x_wconf 91' lang='lat' dir='ltr'><strong>potentis-</strong></span> 
     </span>
    </p>

    <p class='ocr_par' dir='ltr' id='par_1_5' title="bbox 96 2347 885 2422">
     <span class='ocr_line' id='line_1_26' title="bbox 96 2347 885 2422; baseline -0.001 -15"><span class='ocrx_word' id='word_1_203' title='bbox 96 2367 122 2407; x_wconf 77' lang='lat' dir='ltr'><strong>aa</strong></span> <span class='ocrx_word' id='word_1_204' title='bbox 132 2351 218 2422; x_wconf 90' lang='lat' dir='ltr'><strong>sima,</strong></span> <span class='ocrx_word' id='word_1_205' title='bbox 242 2348 322 2408; x_wconf 86' lang='lat' dir='ltr'><strong>arida</strong></span> <span class='ocrx_word' id='word_1_206' title='bbox 339 2364 410 2406; x_wconf 85' lang='lat' dir='ltr'><strong>uero</strong></span> <span class='ocrx_word' id='word_1_207' title='bbox 430 2347 612 2408; x_wconf 86' lang='lat' dir='ltr'><strong>cicatricibus</strong></span> <span class='ocrx_word' id='word_1_208' title='bbox 629 2347 767 2408; x_wconf 89' lang='lat' dir='ltr'><strong>decorem</strong></span> <span class='ocrx_word' id='word_1_209' title='bbox 782 2349 885 2409; x_wconf 81' lang='lat' dir='ltr'><strong>adfert.</strong></span> 
     </span>
    </p>

    <p class='ocr_par' dir='ltr' id='par_1_6' title="bbox 130 2430 1178 2679">
     <span class='ocr_line' id='line_1_27' title="bbox 195 2430 1178 2512; baseline 0.007 -21"><span class='ocrx_word' id='word_1_210' title='bbox 195 2432 278 2512; x_wconf 87' lang='grc'>(56.)</span> <span class='ocrx_word' id='word_1_211' title='bbox 302 2430 373 2492; x_wconf 88' lang='lat' dir='ltr'><strong>Item</strong></span> <span class='ocrx_word' id='word_1_212' title='bbox 387 2431 485 2510; x_wconf 92' lang='lat' dir='ltr'><strong>puleio</strong></span> <span class='ocrx_word' id='word_1_213' title='bbox 497 2439 542 2491; x_wconf 92' lang='lat' dir='ltr'><strong>est</strong></span> <span class='ocrx_word' id='word_1_214' title='bbox 553 2440 738 2510; x_wconf 86' lang='lat' dir='ltr'><strong>nepetaeque</strong></span> <span class='ocrx_word' id='word_1_215' title='bbox 751 2434 889 2492; x_wconf 86' lang='lat' dir='ltr'><strong>societas.</strong></span> <span class='ocrx_word' id='word_1_216' title='bbox 906 2433 1029 2493; x_wconf 87' lang='lat' dir='ltr'><strong>decocta</strong></span> <span class='ocrx_word' id='word_1_217' title='bbox 1042 2436 1178 2498; x_wconf 85' lang='lat' dir='ltr'><strong>enim158</strong></span> 
     </span>
     <span class='ocr_line' id='line_1_28' title="bbox 130 2514 1134 2595; baseline -0.001 -18"><span class='ocrx_word' id='word_1_218' title='bbox 130 2520 159 2577; x_wconf 89' lang='lat' dir='ltr'><strong>in</strong></span> <span class='ocrx_word' id='word_1_219' title='bbox 181 2534 254 2594; x_wconf 89' lang='lat' dir='ltr'><strong>aqua</strong></span> <span class='ocrx_word' id='word_1_220' title='bbox 273 2516 309 2576; x_wconf 89' lang='lat' dir='ltr'><strong>ad</strong></span> <span class='ocrx_word' id='word_1_221' title='bbox 330 2518 430 2576; x_wconf 88' lang='lat' dir='ltr'><strong>tertias</strong></span> <span class='ocrx_word' id='word_1_222' title='bbox 452 2515 607 2575; x_wconf 89' lang='lat' dir='ltr'><strong>discutiunt</strong></span> <span class='ocrx_word' id='word_1_223' title='bbox 622 2514 733 2591; x_wconf 80' lang='lat' dir='ltr'><strong>frigora</strong></span> <span class='ocrx_word' id='word_1_224' title='bbox 751 2516 959 2595; x_wconf 88' lang='lat' dir='ltr'><strong>mulierumque</strong></span> <span class='ocrx_word' id='word_1_225' title='bbox 981 2519 1134 2577; x_wconf 88' lang='lat' dir='ltr'><strong>menstruis</strong></span> 
     </span>
     <span class='ocr_line' id='line_1_29' title="bbox 131 2598 1133 2679; baseline 0.002 -21"><span class='ocrx_word' id='word_1_226' title='bbox 131 2609 253 2679; x_wconf 90' lang='lat' dir='ltr'><strong>prosunt</strong></span> <span class='ocrx_word' id='word_1_227' title='bbox 274 2608 303 2659; x_wconf 93' lang='grc' dir='ltr'><strong>ει</strong></span> <span class='ocrx_word' id='word_1_228' title='bbox 325 2607 436 2659; x_wconf 87' lang='lat' dir='ltr'><strong>aestate</strong></span> <span class='ocrx_word' id='word_1_229' title='bbox 452 2598 552 2659; x_wconf 89' lang='lat' dir='ltr'><strong>sedant</strong></span> <span class='ocrx_word' id='word_1_230' title='bbox 569 2598 695 2659; x_wconf 87' lang='lat' dir='ltr'><strong>calores.</strong></span> <span class='ocrx_word' id='word_1_231' title='bbox 725 2610 832 2677; x_wconf 88' lang='lat' dir='ltr'><strong>nepeta</strong></span> <span class='ocrx_word' id='word_1_232' title='bbox 848 2617 964 2678; x_wconf 87' lang='lat' dir='ltr'><strong>quoque</strong></span> <span class='ocrx_word' id='word_1_233' title='bbox 979 2601 1048 2661; x_wconf 85' lang='lat' dir='ltr'><strong>viris</strong></span> <span class='ocrx_word' id='word_1_234' title='bbox 1066 2619 1133 2661; x_wconf 92' lang='lat' dir='ltr'><strong>con-</strong></span> 
     </span>
    </p>

    <p class='ocr_par' dir='ltr' id='par_1_7' title="bbox 64 2681 1135 2763">
     <span class='ocr_line' id='line_1_30' title="bbox 64 2681 1135 2763; baseline 0.005 -23"><span class='ocrx_word' id='word_1_235' title='bbox 64 2732 68 2740; x_wconf 90' lang='lat'><strong>.</strong></span> <span class='ocrx_word' id='word_1_236' title='bbox 131 2693 175 2742; x_wconf 89' lang='lat' dir='ltr'><strong>tra</strong></span> <span class='ocrx_word' id='word_1_237' title='bbox 191 2683 334 2760; x_wconf 90' lang='lat' dir='ltr'><strong>serpentis</strong></span> <span class='ocrx_word' id='word_1_238' title='bbox 350 2681 447 2741; x_wconf 89' lang='lat' dir='ltr'><strong>habet.</strong></span> <span class='ocrx_word' id='word_1_239' title='bbox 470 2681 575 2742; x_wconf 87' lang='lat' dir='ltr'><strong>lumum</strong></span> <span class='ocrx_word' id='word_1_240' title='bbox 592 2700 630 2742; x_wconf 88' lang='lat' dir='ltr'><strong>ex</strong></span> <span class='ocrx_word' id='word_1_241' title='bbox 646 2700 682 2742; x_wconf 90' lang='lat' dir='ltr'><strong>ea</strong></span> <span class='ocrx_word' id='word_1_242' title='bbox 699 2683 888 2762; x_wconf 88' lang='lat' dir='ltr'><strong>nidoremque</strong></span> <span class='ocrx_word' id='word_1_243' title='bbox 904 2683 1031 2762; x_wconf 82' lang='lat' dir='ltr'><strong>fugiunt,</strong></span> <span class='ocrx_word' id='word_1_244' title='bbox 1050 2703 1135 2763; x_wconf 88' lang='lat' dir='ltr'><strong>quam</strong></span> 
     </span>
    </p>

    <p class='ocr_par' dir='ltr' id='par_1_8' title="bbox 97 2765 1135 3181">
     <span class='ocr_line' id='line_1_31' title="bbox 97 2765 1135 2846; baseline 0.004 -21"><span class='ocrx_word' id='word_1_245' title='bbox 97 2785 122 2826; x_wconf 86' lang='lat' dir='ltr'><strong>ao</strong></span> <span class='ocrx_word' id='word_1_246' title='bbox 134 2775 163 2825; x_wconf 92' lang='lat' dir='ltr'><strong>et</strong></span> <span class='ocrx_word' id='word_1_247' title='bbox 177 2765 365 2825; x_wconf 90' lang='lat' dir='ltr'><strong>substernere</strong></span> <span class='ocrx_word' id='word_1_248' title='bbox 381 2767 409 2825; x_wconf 89' lang='lat' dir='ltr'><strong>in</strong></span> <span class='ocrx_word' id='word_1_249' title='bbox 423 2774 501 2825; x_wconf 93' lang='lat' dir='ltr'><strong>metu</strong></span> <span class='ocrx_word' id='word_1_250' title='bbox 516 2783 553 2825; x_wconf 92' lang='lat' dir='ltr'><strong>eo</strong></span> <span class='ocrx_word' id='word_1_251' title='bbox 575 2766 739 2826; x_wconf 91' lang='lat' dir='ltr'><strong>dormituris</strong></span> <span class='ocrx_word' id='word_1_252' title='bbox 753 2768 822 2827; x_wconf 91' lang='lat' dir='ltr'><strong>utile</strong></span> <span class='ocrx_word' id='word_1_253' title='bbox 840 2776 893 2828; x_wconf 89' lang='lat' dir='ltr'><strong>est.</strong></span> <span class='ocrx_word' id='word_1_254' title='bbox 923 2777 1005 2829; x_wconf 88' lang='lat' dir='ltr'><strong>tunsa</strong></span> <span class='ocrx_word' id='word_1_255' title='bbox 1024 2770 1135 2846; x_wconf 78' lang='lat' dir='ltr'><strong>aegilo-</strong></span> 
     </span>
     <span class='ocr_line' id='line_1_32' title="bbox 132 2849 1134 2932; baseline 0.004 -24"><span class='ocrx_word' id='word_1_256' title='bbox 132 2851 189 2930; x_wconf 93' lang='lat' dir='ltr'><strong>piis</strong></span> <span class='ocrx_word' id='word_1_257' title='bbox 209 2849 354 2926; x_wconf 90' lang='lat' dir='ltr'><strong>inponitur</strong></span> <span class='ocrx_word' id='word_1_258' title='bbox 379 2858 409 2909; x_wconf 88' lang='lat' dir='ltr'><strong>et</strong></span> <span class='ocrx_word' id='word_1_259' title='bbox 430 2849 532 2928; x_wconf 88' lang='lat' dir='ltr'><strong>capitis</strong></span> <span class='ocrx_word' id='word_1_260' title='bbox 554 2849 703 2911; x_wconf 91' lang='lat' dir='ltr'><strong>doloribus</strong></span> <span class='ocrx_word' id='word_1_261' title='bbox 728 2870 833 2912; x_wconf 90' lang='lat' dir='ltr'><strong>recens</strong></span> <span class='ocrx_word' id='word_1_262' title='bbox 857 2870 920 2912; x_wconf 87' lang='lat' dir='ltr'><strong>cunr</strong></span> <span class='ocrx_word' id='word_1_263' title='bbox 946 2854 1030 2913; x_wconf 88' lang='lat' dir='ltr'><strong>tertia</strong></span> <span class='ocrx_word' id='word_1_264' title='bbox 1052 2863 1134 2932; x_wconf 89' lang='lat' dir='ltr'><strong>parte</strong></span> 
     </span>
     <span class='ocr_line' id='line_1_33' title="bbox 133 2934 1133 3014; baseline 0.003 -21"><span class='ocrx_word' id='word_1_265' title='bbox 133 2935 215 3014; x_wconf 91' lang='lat' dir='ltr'><strong>panis</strong></span> <span class='ocrx_word' id='word_1_266' title='bbox 235 2940 397 3011; x_wconf 88' lang='lat' dir='ltr'><strong>temperata</strong></span> <span class='ocrx_word' id='word_1_267' title='bbox 421 2941 505 2992; x_wconf 89' lang='lat' dir='ltr'><strong>aceto</strong></span> <span class='ocrx_word' id='word_1_268' title='bbox 529 2934 663 2995; x_wconf 91' lang='lat' dir='ltr'><strong>inlinitur.</strong></span> <span class='ocrx_word' id='word_1_269' title='bbox 698 2953 784 2995; x_wconf 90' lang='lat' dir='ltr'><strong>sucus</strong></span> <span class='ocrx_word' id='word_1_270' title='bbox 805 2937 867 2995; x_wconf 92' lang='lat' dir='ltr'><strong>eius</strong></span> <span class='ocrx_word' id='word_1_271' title='bbox 887 2936 1040 2997; x_wconf 89' lang='lat' dir='ltr'><strong>instillatus</strong></span> <span class='ocrx_word' id='word_1_272' title='bbox 1059 2938 1133 2996; x_wconf 91' lang='lat' dir='ltr'><strong>nari-</strong></span> 
     </span>
     <span class='ocr_line' id='line_1_34' title="bbox 132 3015 1134 3099; baseline 0.002 -22"><span class='ocrx_word' id='word_1_273' title='bbox 132 3018 185 3078; x_wconf 93' lang='lat' dir='ltr'><strong>bus</strong></span> <span class='ocrx_word' id='word_1_274' title='bbox 206 3017 316 3096; x_wconf 90' lang='lat' dir='ltr'><strong>supinis</strong></span> <span class='ocrx_word' id='word_1_275' title='bbox 334 3015 505 3094; x_wconf 87' lang='lat' dir='ltr'><strong>prolluvium</strong></span> <span class='ocrx_word' id='word_1_276' title='bbox 522 3019 668 3094; x_wconf 78' lang='lat' dir='ltr'><strong>sanguinis</strong></span> <span class='ocrx_word' id='word_1_277' title='bbox 685 3019 776 3094; x_wconf 86' lang='lat' dir='ltr'><strong>sistit,</strong></span> <span class='ocrx_word' id='word_1_278' title='bbox 798 3019 867 3079; x_wconf 90' lang='lat' dir='ltr'><strong>item</strong></span> <span class='ocrx_word' id='word_1_279' title='bbox 882 3021 964 3080; x_wconf 87' lang='lat' dir='ltr'><strong>radix</strong></span> <span class='ocrx_word' id='word_1_280' title='bbox 980 3039 1054 3099; x_wconf 87' lang='lat' dir='ltr'><strong>quae</strong></span> <span class='ocrx_word' id='word_1_281' title='bbox 1071 3039 1134 3081; x_wconf 89' lang='lat' dir='ltr'><strong>cum</strong></span> 
     </span>
     <span class='ocr_line' id='line_1_35' title="bbox 131 3100 1083 3181; baseline 0.002 -20"><span class='ocrx_word' id='word_1_282' title='bbox 131 3102 216 3176; x_wconf 79' lang='lat' dir='ltr'><strong>myrti</strong></span> <span class='ocrx_word' id='word_1_283' title='bbox 233 3100 342 3160; x_wconf 89' lang='lat' dir='ltr'><strong>semine</strong></span> <span class='ocrx_word' id='word_1_284' title='bbox 357 3100 385 3158; x_wconf 91' lang='lat' dir='ltr'><strong>in</strong></span> <span class='ocrx_word' id='word_1_285' title='bbox 400 3117 488 3178; x_wconf 87' lang='lat' dir='ltr'><strong>passo</strong></span> <span class='ocrx_word' id='word_1_286' title='bbox 504 3101 603 3178; x_wconf 91' lang='lat' dir='ltr'><strong>tepido</strong></span> <span class='ocrx_word' id='word_1_287' title='bbox 618 3102 802 3178; x_wconf 79' lang='lat' dir='ltr'><strong>gargarizata</strong></span> <span class='ocrx_word' id='word_1_288' title='bbox 817 3105 930 3181; x_wconf 81' lang='lat' dir='ltr'><strong>anginis</strong></span> <span class='ocrx_word' id='word_1_289' title='bbox 944 3104 1083 3166; x_wconf 89' lang='lat' dir='ltr'><strong>medetur.</strong></span> 
     </span>
    </p>

    <p class='ocr_par' dir='ltr' id='par_1_9' title="bbox 108 3180 1176 3514">
     <span class='ocr_line' id='line_1_36' title="bbox 108 3180 1176 3266; baseline 0.003 -19"><span class='ocrx_word' id='word_1_290' title='bbox 108 3208 122 3247; x_wconf 82' lang='grc' dir='ltr'><strong>ε</strong></span> <span class='ocrx_word' id='word_1_291' title='bbox 197 3186 281 3265; x_wconf 90' lang='grc'>(57.)</span> <span class='ocrx_word' id='word_1_292' title='bbox 306 3180 454 3243; x_wconf 84' lang='lat' dir='ltr'><strong>Guminnm</strong></span> <span class='ocrx_word' id='word_1_293' title='bbox 475 3182 610 3243; x_wconf 85' lang='lat' dir='ltr'><strong>silvestre</strong></span> <span class='ocrx_word' id='word_1_294' title='bbox 633 3193 678 3244; x_wconf 91' lang='lat' dir='ltr'><strong>est</strong></span> <span class='ocrx_word' id='word_1_295' title='bbox 703 3195 879 3263; x_wconf 89' lang='lat' dir='ltr'><strong>praetenue,</strong></span> <span class='ocrx_word' id='word_1_296' title='bbox 905 3189 1048 3266; x_wconf 90' lang='lat' dir='ltr'><strong>quaternis</strong></span> <span class='ocrx_word' id='word_1_297' title='bbox 1064 3196 1112 3247; x_wconf 90' lang='lat' dir='ltr'><strong>aut</strong></span> <span class='ocrx_word' id='word_1_298' title='bbox 1126 3197 1176 3250; x_wconf 80' lang='lat'><strong>159</strong></span> 
     </span>
     <span class='ocr_line' id='line_1_37' title="bbox 132 3267 1133 3348; baseline 0 -20"><span class='ocrx_word' id='word_1_299' title='bbox 132 3269 227 3348; x_wconf 92' lang='lat' dir='ltr'><strong>quinis</strong></span> <span class='ocrx_word' id='word_1_300' title='bbox 244 3268 321 3331; x_wconf 83' lang='lat' dir='ltr'><strong>foliis</strong></span> <span class='ocrx_word' id='word_1_301' title='bbox 344 3267 433 3326; x_wconf 89' lang='lat' dir='ltr'><strong>veluti</strong></span> <span class='ocrx_word' id='word_1_302' title='bbox 458 3269 593 3342; x_wconf 86' lang='lat' dir='ltr'><strong>serratis,</strong></span> <span class='ocrx_word' id='word_1_303' title='bbox 618 3267 671 3327; x_wconf 89' lang='lat' dir='ltr'><strong>sed</strong></span> <span class='ocrx_word' id='word_1_304' title='bbox 694 3277 725 3328; x_wconf 88' lang='lat' dir='ltr'><strong>ut</strong></span> <span class='ocrx_word' id='word_1_305' title='bbox 745 3271 838 3330; x_wconf 88' lang='lat' dir='ltr'><strong>satiro</strong></span> <span class='ocrx_word' id='word_1_306' title='bbox 859 3288 979 3348; x_wconf 80' lang='lat' dir='ltr'><strong>magnus</strong></span> <span class='ocrx_word' id='word_1_307' title='bbox 995 3289 1078 3345; x_wconf 85' lang='lat' dir='ltr'><strong>usus,</strong></span> <span class='ocrx_word' id='word_1_308' title='bbox 1104 3271 1133 3329; x_wconf 92' lang='lat' dir='ltr'><strong>in</strong></span> 
     </span>
     <span class='ocr_line' id='line_1_38' title="bbox 133 3349 1133 3433; baseline 0.003 -23"><span class='ocrx_word' id='word_1_309' title='bbox 133 3353 274 3413; x_wconf 87' lang='lat' dir='ltr'><strong>stomachi</strong></span> <span class='ocrx_word' id='word_1_310' title='bbox 300 3352 460 3430; x_wconf 90' lang='lat' dir='ltr'><strong>praecipue</strong></span> <span class='ocrx_word' id='word_1_311' title='bbox 484 3349 629 3410; x_wconf 90' lang='lat' dir='ltr'><strong>remediis.</strong></span> <span class='ocrx_word' id='word_1_312' title='bbox 671 3352 786 3412; x_wconf 90' lang='lat' dir='ltr'><strong>discutit</strong></span> <span class='ocrx_word' id='word_1_313' title='bbox 810 3354 944 3433; x_wconf 82' lang='lat' dir='ltr'><strong>pituitas,</strong></span> <span class='ocrx_word' id='word_1_314' title='bbox 971 3353 1133 3413; x_wconf 85' lang='lat' dir='ltr'><strong>inflationes</strong></span> 
     </span>
     <span class='ocr_line' id='line_1_39' title="bbox 132 3434 1146 3514; baseline -0.004 -20"><span class='ocrx_word' id='word_1_315' title='bbox 132 3435 232 3494; x_wconf 40' lang='lat' dir='ltr'><strong>tritum&gt;</strong></span> <span class='ocrx_word' id='word_1_316' title='bbox 256 3445 285 3496; x_wconf 91' lang='lat' dir='ltr'><strong>et</strong></span> <span class='ocrx_word' id='word_1_317' title='bbox 311 3453 375 3494; x_wconf 89' lang='lat' dir='ltr'><strong>cum</strong></span> <span class='ocrx_word' id='word_1_318' title='bbox 396 3451 472 3512; x_wconf 90' lang='lat' dir='ltr'><strong>pane</strong></span> <span class='ocrx_word' id='word_1_319' title='bbox 493 3443 634 3512; x_wconf 90' lang='lat' dir='ltr'><strong>sumptum</strong></span> <span class='ocrx_word' id='word_1_320' title='bbox 656 3434 705 3494; x_wconf 92' lang='lat' dir='ltr'><strong>vel</strong></span> <span class='ocrx_word' id='word_1_321' title='bbox 728 3444 825 3514; x_wconf 91' lang='lat' dir='ltr'><strong>potum</strong></span> <span class='ocrx_word' id='word_1_322' title='bbox 853 3455 891 3496; x_wconf 88' lang='lat' dir='ltr'><strong>ex</strong></span> <span class='ocrx_word' id='word_1_323' title='bbox 908 3455 982 3513; x_wconf 88' lang='lat' dir='ltr'><strong>aqua</strong></span> <span class='ocrx_word' id='word_1_324' title='bbox 995 3437 1146 3508; x_wconf 66' lang='lat' dir='ltr'><strong>uinoque,</strong></span> 
     </span>
    </p>
   </div>
   <div class='ocr_carea' id='block_1_3' title="bbox 0 0 1226 3840">
    <p class='ocr_par' dir='ltr' id='par_1_10' title="bbox 0 0 1226 3840">
     <span class='ocr_line' id='line_1_40' title="bbox 0 0 1226 3840; baseline 0 0"><span class='ocrx_word' id='word_1_325' title='bbox 0 0 1226 3840; x_wconf 95' lang='lat' dir='ltr'><strong> </strong></span> 
     </span>
    </p>
   </div>
  </div>
 </body>
</html>
