2422 3840
346 192 427 239 nur.
444 191 535 240 rursu.
559 193 658 241 xvur.
676 190 795 245 ra—aa.
815 181 967 260 (aa-oa.)
1080 179 1138 240 125

135 346 203 407 laba
218 347 333 406 runcari
346 364 403 406 non
420 349 519 423 gestit,
534 349 668 426 quoniam
683 349 789 408 evincit
805 348 921 408 berbas.
949 348 1075 424 lupinum
1090 364 1138 406 oc·

137 438 219 490 catur
232 438 348 490 tantum.
363 430 484 490 milium
500 440 529 491 et
545 433 678 510 panicum
693 441 813 492 occatur
828 440 857 491 et
871 432 993 508 saritur,
1015 448 1073 489 non
1087 431 1138 489 ite-

134 524 224 588 ratur,
236 530 294 572 non
311 523 456 575 runcatur.
476 515 570 576 silicia
583 525 612 574 et
624 516 748 593 phasioli
761 525 899 575 occantur
910 523 1027 575 tantum.
1051 516 1182 576 Sunt186

135 615 244 675 genera
259 606 355 658 terrae
368 615 491 678 quorum
506 599 625 659 ubertas
638 600 781 677 pectinari
796 607 929 675 segetem
944 600 971 656 in
985 597 1075 658 herba
1090 614 1138 656 co·

109 683 325 758 agat-cratis
342 692 371 741 et
385 683 443 742 hoo
455 701 547 759 genus
563 683 698 742 dentatae
709 682 785 741 stilis
800 682 906 741 ferreis
913 717 964 758 —‚
978 681 1139 758 eademque

133 765 314 825 nihilomiuus
340 774 369 824 et
384 766 589 844 depascuntur.
619 784 694 843 quae
715 766 837 843 depasta
860 774 926 824 sunt
946 764 1063 824 sarculo
1085 766 1138 822 ite·
1205 802 1207 805 ·

132 867 194 910 rum
210 851 332 909 excitari
345 851 552 909 necessarium.
576 858 604 908 at
618 851 647 908 in
654 849 777 924 Bactris,
786 848 897 924 Africa,
909 847 1032 924 Cyrenis
1046 849 1139 907 omnia

132 934 206 994 haec
231 951 413 1011 supervacua
438 933 510 993 lecit
535 932 711 1009 indulgentia
727 933 821 1007 caeli,
850 942 912 993 eta
934 940 1064 992 semente
1082 948 1151 1008 non,

132 1016 187 1076 uisi
202 1017 346 1076 messibus
361 1018 389 1076 in
410 1034 479 1076 arva
494 1017 632 1092 redeunt,
654 1017 721 1096 quia
743 1018 861 1076 siccitas
880 1025 1001 1076 coercet
1020 1013 1138 1089 herbas,

97 1118 122 1159 ao
132 1101 233 1176 fruges
250 1109 390 1160 nocturno
403 1103 516 1161 tractim
529 1119 598 1161 rore
613 1102 752 1160 nutriens.
764 1101 913 1178 Vergilius
926 1101 1046 1161 alternis
1059 1107 1181 1161 ces-187

133 1201 198 1243 sare
215 1201 284 1243 arva
300 1184 410 1244 suadet.
445 1185 470 1243 si
487 1185 630 1262 patiantur
646 1185 720 1244 ruris
737 1185 847 1264 spatia,
869 1186 1050 1245 utilissimum
1071 1201 1139 1261 pro-

133 1267 179 1328 oul
197 1266 284 1326 dubio
307 1277 360 1327 est.
390 1268 513 1348 quodsi
535 1277 623 1345 neget
644 1269 794 1344 condicio,
818 1269 863 1329 iar
884 1270 1039 1329 serendum
1061 1266 1137 1326 uude

132 1352 260 1431 lupinum
284 1360 332 1410 ant
351 1353 427 1411 vicia
446 1360 493 1411 aut
514 1351 582 1411 laba
604 1351 716 1412 sublata
733 1354 788 1412 sint
806 1362 844 1412 -et
869 1372 944 1431 quae
970 1363 1076 1413 terram
1095 1351 1138 1409 la-

132 1437 209 1495 ciant
228 1435 389 1495 laetiorem.
425 1435 631 1514 inprimisque
658 1444 686 1495 et
707 1436 765 1495 hoc
794 1438 966 1513 notandum,
996 1434 1138 1514 quaedam

97 1539 122 1580 ra
133 1526 253 1597 propter
265 1517 321 1578 alia
333 1520 392 1577 seri
405 1517 511 1592 obiter,
519 1553 560 1562 -
568 1518 591 1576 si
605 1536 705 1596 parum
717 1522 915 1598 provenirent,
933 1522 1033 1599 priore
1041 1518 1111 1578 dixi·
1122 1534 1179 1575 aar

131 1620 193 1661 mus
206 1601 363 1677 volumine,
377 1620 414 1661 ne
433 1602 535 1662 eadem
547 1601 665 1677 saepius
680 1602 868 1677 dicantur—‚
878 1604 1040 1680 plurumum
1062 1602 1136 1659 eninr

132 1685 223 1744 reiert
241 1685 297 1744 soli
318 1687 457 1764 cuiusque
474 1687 557 1745 ratio.

195 1769 244 1829 22.
267 1768 351 1848 (51.)
371 1768 479 1830 Civitas
502 1768 621 1830 Africae
643 1771 672 1828 in
693 1769 793 1829 mediis
814 1770 930 1830 harenis
952 1767 1117 1848 petentibus
1129 1776 1180 1830 188

131 1853 224 1928 Syrtis
237 1852 409 1933 leptimque
424 1868 555 1931 magnam
569 1863 691 1913 vocatur
709 1853 837 1931 Tacape,
850 1854 931 1915 ielici
946 1871 1036 1930 super
1052 1869 1136 1911 omne

95 1937 297 2000 admiraculum
314 1939 398 2015 riguo
414 1938 497 2014 solo,
518 1939 608 1997 ternis
623 1937 688 1997 lere
700 1937 813 1996 milibus
829 1956 965 2016 passuum
980 1939 1009 1997 in
1024 1953 1138 1996 omnem

129 2030 242 2100 partem
259 2021 325 2080 lons
340 2021 482 2096 abundat,
504 2021 604 2098 largus
622 2022 754 2098 quidem,
776 2021 829 2081 sed
852 2030 881 2081 et
898 2022 985 2080 certis
1002 2022 1137 2081 horarum

131 2107 232 2183 spatiis
250 2103 433 2181 dispensatur
449 2106 524 2163 inter
538 2105 661 2163 incolas.
680 2104 805 2183 palmae
821 2104 861 2163 ibi
876 2106 1052 2183 praegrandi
1068 2103 1134 2163 suh·

131 2187 207 2247 ditur
222 2187 299 2261 olea,
320 2187 386 2245 huic
404 2187 492 2261 licus,
515 2187 571 2245 fico
587 2188 707 2265 punica,
731 2186 773 2246 illi
790 2189 869 2261 vitis,
890 2188 942 2246 sub
957 2189 1015 2247 vite
1031 2189 1136 2247 seritur

131 2270 319 2348 frumentum,
340 2286 407 2328 mox
423 2269 573 2348 legumen,
595 2269 698 2329 deinde
714 2269 796 2345 olus,
819 2271 913 2328 omnia
931 2270 1036 2329 eodem
1050 2286 1135 2343 anno,

96 2372 122 2412 25
132 2355 284 2433 omniaque
300 2354 394 2414 aliena
406 2353 506 2414 umbra
521 2354 645 2413 aluntur.
675 2362 813 2432 quaterna
829 2351 925 2412 cubita
940 2353 1001 2410 eius
1018 2351 1075 2410 soli
1088 2353 1117 2408 in
1128 2358 1178 2413 189

132 2438 310 2517 quadratum,
323 2456 378 2497 nec
393 2446 424 2497 ut
436 2457 452 2498 a
464 2439 611 2516 porrectis
625 2438 776 2496 metiantur
788 2437 886 2514 digitis
901 2436 953 2496 sed
968 2436 996 2495 in
1011 2452 1137 2514 pugnum

131 2523 299 2596 contractis,
322 2524 469 2601 quaternis
486 2521 611 2584 denariis
627 2520 843 2580 venumdentur.
875 2520 1073 2598 superomnia
1091 2526 1136 2578 est

130 2605 223 2664 bifera
238 2606 297 2663 vite
313 2604 358 2663 bis
378 2623 452 2665 auno
467 2606 656 2664 vindemiare.
687 2614 715 2663 et
732 2605 785 2663 nisi
803 2603 954 2682 multiplici
972 2612 1057 2682 partu
1075 2605 1135 2663 exi·

130 2688 260 2748 naniatur
273 2687 406 2765 ubertas,
424 2697 546 2768 pereant
563 2689 675 2748 luxuria
700 2689 804 2764 singuli
819 2688 940 2748 fructus.
971 2707 1046 2748 nunc
1062 2705 1134 2749 vero

96 2780 193 2836 aototo
215 2788 289 2830 anno
309 2774 424 2832 metitur
449 2772 573 2851 aliquid,
601 2781 773 2849 constatque
795 2772 936 2834 fertilitati
953 2790 1012 2832 non
1032 2790 1133 2832 occur-

130 2874 198 2915 rere
213 2855 353 2914 homines.
367 2856 513 2935 Aquarum
525 2874 642 2935 quoque
655 2858 817 2917 differentia
832 2875 935 2934 magna
950 2857 1049 2934 riguis.
1066 2855 1177 2918 astruo

130 2942 158 2998 in
172 2938 354 2999 Narbonensi
367 2942 517 3018 provincia
535 2942 641 3001 nobilis
656 2943 722 3002 ions
737 2946 814 3020 Orge
829 2943 952 3000 nomine.
977 2943 1005 2999 in
1018 2958 1055 3000 eo
1068 2940 1133 2999 her-

130 3023 186 3083 bae
203 3032 359 3082 uascuntur
371 3025 401 3083 in
416 3034 523 3085 tautum
538 3027 685 3103 expetitae
711 3026 804 3085 bubus
825 3035 856 3084 ut
871 3026 975 3085 mersis
992 3023 1134 3104 capitibus

130 3108 198 3166 totis
216 3126 266 3168 eas
282 3116 431 3187 quaerant.
454 3110 507 3168 sed
523 3108 588 3167 illas
604 3111 632 3168 in
644 3125 718 3186 aqua
733 3110 880 3169 nascentis
896 3119 1006 3170 certum
1021 3119 1133 3168 estnon

96 3216 122 3257 35
130 3192 185 3251 nisi
195 3192 333 3252 imbribus
346 3192 393 3252 ali.
412 3208 485 3268 ergo
497 3209 577 3250 suam
589 3194 710 3270 quisque
721 3202 825 3252 terram
836 3211 998 3272 aquamque
1010 3193 1132 3251 noverit.

188 3275 238 3337 23.
250 3275 334 3355 (52.)
347 3276 378 3336 Si
390 3275 479 3334 iuerit
489 3275 539 3334 illa
551 3282 640 3347 terra,
653 3292 735 3351 quam
748 3275 959 3354 appellavimus
970 3287 1050 3335 tene·
1059 3297 1117 3338 racc
1125 3282 1174 3335 1⁹1

132 3373 203 3433 ram,
217 3360 326 3437 poterit
340 3359 456 3419 sublato
472 3359 584 3418 hordeo
603 3359 661 3416 seri
679 3358 794 3437 milium,
813 3375 848 3418 eo
865 3359 979 3419 condito
994 3377 1076 3437 rapa,
1088 3357 1132 3416 his

133 3440 252 3501 sublatis
265 3443 406 3504 hordeum
420 3461 520 3505 rursus
531 3440 579 3501 vel
590 3442 726 3518 triticum,
741 3443 816 3501 sicut
832 3441 1136 3517 {accumulamus-
