2422 3840
390 211 471 256 nun.
488 208 579 257 meu.
595 209 709 258 xvnu.
726 205 752 260 8.
770 197 922 276 (dt—53.)
1083 203 1141 267 183

133 366 238 426 seritur
254 373 283 424 et
298 383 314 425 a
329 362 446 424 favonio
462 373 531 444 post
546 363 758 441 aequinoctium
776 367 909 425 autumni.
941 367 1051 446 quippe
1076 386 1140 428 cum

134 451 253 528 cappari
270 466 386 527 quoque
403 457 517 509 seratur
531 448 619 506 siccis
635 465 782 523 maxume,
800 465 868 509 area
883 450 911 508 in
927 449 1074 510 defossum
1092 470 1140 511 ca·

133 543 209 608 vata,
226 533 355 611 ripisque
377 533 503 610 undique
527 532 752 591 circumstructis
771 531 885 610 lapide,
907 533 978 592 alias
1001 544 1141 612 evagatur

133 635 187 695 per
204 633 291 693 agros
308 625 338 676 et
353 618 434 693 cogit
453 615 548 675 solum
569 614 768 674 sterilescere.
805 614 891 674 floret
912 626 1042 693 aestate,
1065 620 1140 678 viret

109 717 226 778 susque
241 699 277 760 ad
292 700 478 776 vergiliarum
494 716 639 772 occasum,
656 697 802 758 sabulosis
814 697 1072 760 familiarissimum.
1097 703 1138 761 vi·

133 785 172 844 tia
189 785 251 844 eius
269 782 347 862 quod
368 792 447 842 trans
472 782 561 842 maria
581 783 709 841 nascitur
731 781 853 841 diximus
871 783 946 841 inter
966 786 1097 860 peregri·
1110 805 1181 846 ram

132 886 186 928 uos
202 867 332 926 frutices.

194 950 277 1028 (49.)
301 949 488 1027 Peregrinum
505 957 535 1009 et
549 966 666 1009 careum
679 949 776 1026 gentis
792 966 862 1008 suae
881 950 997 1009 nomine
1016 950 1181 1028 appel-164

132 1035 229 1110 latum,
245 1033 348 1093 culinis
363 1033 535 1111 principale.
562 1035 590 1092 iu
603 1049 784 1111 quacumque
795 1042 873 1093 terra
885 1035 944 1092 seri
954 1032 1017 1093 volt
1027 1034 1139 1092 ratione

97 1119 234 1180 roeadem
255 1135 310 1196 qua
326 1116 494 1194 olusatrum,
510 1117 736 1178 laudatissimum
753 1117 893 1178 tamenin
909 1115 1011 1192 Caria,
1031 1134 1137 1195 proxu-

131 1220 206 1262 mum
222 1201 356 1278 Phrygia.

196 1286 280 1364 (50.)
304 1284 481 1362 Ligusticum
493 1285 630 1345 silvestre
641 1294 686 1345 est
697 1286 725 1342 in
736 1284 869 1361 Liguriae
882 1304 951 1346 suae
965 1283 1120 1347 montibus.
1128 1294 1179 1352 165

131 1371 238 1432 seritur
255 1370 340 1428 etiam
356 1368 475 1447 ubique.
506 1369 623 1427 suavius
638 1370 771 1444 sativum,
789 1368 843 1430 sed
861 1370 924 1429 siue
938 1370 1059 1430 viribus.
1087 1389 1136 1448 pa·

131 1471 232 1514 nacem
244 1452 331 1530 aliqui
341 1460 457 1511 vocant.
481 1450 622 1511 Crateuas
634 1451 710 1529 apud
723 1450 854 1512 Graecos
868 1453 991 1514 cunilam
1001 1453 1138 1514 bubulam

96 1560 122 1600 ac
133 1536 300 1597 eonomine
319 1535 459 1612 appellat,
477 1536 568 1594 ceteri
583 1533 647 1594 fere
665 1552 815 1610 conquam,
828 1536 859 1596 id
873 1545 919 1596 est
934 1537 1136 1613 cunilagincm,

130 1619 291 1695 thymbram
305 1634 377 1677 vero
394 1619 522 1696 quaesit
539 1618 642 1678 cunila.
679 1617 759 1679 llaec
775 1619 852 1696 apud
867 1637 921 1679 nos
944 1619 1032 1681 babet
1050 1638 1137 1681 voca·

130 1704 228 1764 bulum
244 1711 273 1762 et
287 1701 365 1762 aliud
379 1703 507 1761 satureia
521 1701 596 1763 dicta
606 1703 634 1760 iu
649 1702 875 1762 condimentario
888 1721 1009 1780 genere.
1032 1706 1138 1764 seritur

130 1805 231 1848 mense
252 1785 430 1863 Februario,
456 1784 577 1862 origano
598 1786 721 1846 aemula.
754 1804 893 1865 nusquam
914 1795 1066 1865 utrumque
1087 1787 1136 1847 ad·

131 1873 216 1946 ditur,
232 1871 340 1950 quippe
356 1869 456 1928 similis
472 1869 605 1929 effectus.
636 1870 688 1930 sed
710 1870 822 1930 cunilae
841 1871 1017 1949 Aegyptium
1041 1872 1135 1947 origa-

94 1973 121 2014 no
131 1973 196 2016 num
212 1964 317 2014 tantum
334 1952 507 2032 praefertur.

195 2039 279 2116 (51.)
289 2037 476 2114 Peregrinum
488 2036 542 2097 fuit
554 2046 583 2097 et
595 2036 741 2114 lepidium.
757 2039 864 2097 seritur
873 2056 889 2099 a
899 2033 1029 2114 favonio,
1041 2038 1118 2114 dein,
1129 2046 1179 2102 166

132 2141 195 2183 cum
210 2121 366 2195 fruticavit,
382 2121 462 2178 iuxta
477 2128 583 2179 terram
595 2119 783 2198 praeciditur,
798 2130 866 2181 tunc
878 2131 1014 2181 runcatur
1024 2129 1136 2181 sterco-

131 2214 279 2283 raturque,
295 2220 350 2281 per
366 2202 510 2262 biennium
525 2202 591 2262 boc.
618 2211 722 2281 postea
735 2203 838 2263 iisdem
849 2203 998 2262 fruticibus
1010 2212 1135 2279 utuntur,

132 2291 229 2349 sinon
245 2287 365 2347 saevitia
382 2285 483 2345 hiemis
499 2285 647 2362 ingravat,
670 2284 786 2364 qnando
807 2287 1075 2364 inpatientissimum
1091 2295 1136 2345 est

95 2373 282 2450 autrigonum.
315 2370 375 2430 exit
390 2378 420 2430 et
436 2370 464 2428 in
480 2369 635 2457 opbitalem
651 2369 844 2444 altitudinem,
868 2367 948 2428 foliis
970 2369 1061 2443 lauri,
1084 2367 1136 2427 sed

131 2456 256 2517 mollius.
289 2472 359 2514 usus
376 2455 439 2515 eins
457 2471 514 2513 uon
529 2454 592 2512 sine
606 2453 694 2513 lacte.

191 2538 272 2618 (52.)
294 2537 339 2599 (tit
355 2539 494 2616 pistrinis,
511 2554 630 2597 anesum
646 2547 674 2596 et
697 2545 812 2595 anetum
828 2536 930 2596 culinis
952 2545 981 2595 et
998 2535 1119 2596 medicis
1127 2543 1177 2599 167

131 2625 298 2682 nascuntur.
326 2622 514 2699 sacopenium
532 2629 562 2680 et
577 2622 670 2698 ipsum
686 2622 714 2680 iu
729 2620 820 2681 bortis
837 2619 962 2698 quidem,
978 2619 1031 2680 sed
1045 2619 1134 2679 medi·

133 2708 216 2767 cinae
232 2713 349 2765 tantum.

94 2816 123 2859 ³0
196 2787 281 2867 (53.)
303 2788 374 2848 Sunt
389 2789 530 2868 quaedam
543 2788 705 2847 comitantia
718 2787 839 2846 aliorum
851 2796 940 2863 satus,
954 2795 984 2846 ut
996 2803 1134 2865 papaver.

130 2890 254 2952 namque
268 2889 331 2931 cum
342 2869 471 2932 brassica
482 2873 588 2931 seritur
600 2889 635 2931 ao
647 2870 817 2949 porcillaca,
829 2878 858 2930 et
870 2889 958 2931 eruca
971 2869 1135 2929 cum-lactu·

131 2976 176 3018 ca.
198 2955 354 3035 Papaveris
370 2956 454 3015 sativi
468 2957 522 3016 tria
539 2973 663 3032 genera:
681 2954 848 3030 candidum,
867 2955 947 3014 cuius
963 2969 1063 3012 semen
1075 2961 1179 3017 to·168

131 3041 254 3102 stomin
277 3036 404 3099 secunda
424 3056 523 3099 mensa
547 3056 611 3098 cum
638 3038 726 3098 melle
747 3038 824 3117 apud
844 3039 977 3116 antiquos
1005 3035 1134 3096 dabatur.

130 3126 189 3186 boc
204 3134 233 3185 et
245 3125 327 3203 panis
339 3123 439 3182 rustici
452 3130 567 3182 crustae
580 3122 768 3200 inspergitur,
784 3122 886 3182 adfuso
901 3138 958 3181 ouo
971 3120 1135 3194 inhaerens,

92 3241 121 3282 35
132 3209 179 3269 ubi
193 3208 361 3269 inferiorem
378 3215 503 3266 crustam
517 3205 611 3284 apium
625 3206 726 3283 gitque
742 3205 850 3265 cereali
865 3222 973 3283 sapore
990 3204 1134 3264 condiunt.

131 3293 254 3354 alterum
273 3309 367 3369 genus
383 3299 429 3351 est
443 3289 598 3368 papaveris
618 3289 747 3365 nigrum,
769 3289 848 3348 cuius
869 3306 959 3367 scapo
981 3288 1073 3347 inciso
1096 3286 1135 3344 la-

132 3385 215 3436 cteus
231 3394 317 3436 sucus
334 3375 487 3454 excipitur.
515 3368 631 3433 tertium
645 3389 738 3449 genus
753 3371 863 3433 rhoean
873 3380 980 3432 vocant
996 3368 1090 3429 Graec
1100 3385 1135 3428 eo

118 3459 160 3532 ⁴id
175 3458 266 3521 nostri
282 3460 445 3520 erraticum.
476 3465 582 3538 sponte
597 3453 730 3535 quidem,
745 3454 847 3516 sedin
856 3451 1200 3518 artissumnoxdxm
