2422 3840
138 152 200 214 218
483 161 512 209 c.
528 161 624 209 nunu
640 160 791 208 saeuum

138 328 169 380 et
188 335 305 378 menses
331 317 398 376 ciet.
430 315 505 393 quin
525 315 609 375 immo
634 315 756 375 linteolo
776 314 912 392 deligatis
928 322 1036 375 tantam
1052 316 1158 392 granis

139 416 213 463 xxx
225 399 369 461 secundas
382 398 458 458 trahi
470 400 598 477 reperio.
625 400 702 459 aiunt
716 407 746 459 et
759 399 851 459 clavis
863 398 890 456 in
901 397 1027 476 pedibus
1038 399 1159 461 mederi

139 487 234 546 tritum
248 486 276 543 in
292 485 390 560 urina,
414 482 524 542 culices
540 482 636 544 suffitu
655 500 778 560 necare,
795 484 864 543 item
878 498 1004 542 muscas.

98 581 147 634 185
203 569 288 649 (72.)
316 567 361 627 Et·
374 585 492 628 anesum
515 568 669 628 adversum
691 568 865 645 scorpiones
886 583 924 625 ex
943 567 1011 627 vino
1027 566 1159 628 habetur

139 652 325 730 Pythagorae
338 652 414 711 inter
428 663 521 729 pauca
536 650 682 710 laudatum
697 652 759 710 sive
772 649 890 710 crudum
906 649 968 709 sire
982 650 1157 729 decoctum,
1169 664 1181 705 t

138 740 207 797 item
228 736 321 797 viride
343 737 490 797 aridumve
510 734 640 795 omnibus
659 753 734 814 quae
757 733 928 795 condiuntur
947 751 1089 812 quaeque
1115 736 1158 796 in-

140 823 287 897 tinguntur
309 820 520 896 desideratum,
543 820 627 898 panis
649 821 735 879 etiam
757 819 861 880 crustis
880 817 1072 878 inferioribus
1089 819 1157 879 sub-

141 906 238 966 ditum.
282 905 378 964 saccis
405 920 522 982 qnoque
551 901 675 963 additum
705 921 769 964 cnm
801 903 904 962 amaris
931 900 1058 961 nucibus
1090 905 1158 965 vina

98 1000 149 1054 186
162 988 351 1048 commendat.
391 989 458 1065 quin
473 987 567 1064 ipsum
584 987 643 1045 oris
658 986 776 1047 halitum
792 985 990 1046 iucundiorem
1004 984 1080 1046 lacit
1096 988 1157 1048 lae·

140 1082 292 1148 toremque
312 1069 388 1131 tollit
412 1069 612 1129 manducatum
631 1071 775 1131 matutinis
791 1088 854 1130 cum
870 1069 999 1144 zmyrnio
1019 1071 1187 1132 etmellen

141 1156 267 1230 exiguo,
293 1170 362 1214 mox
390 1153 457 1212 vino
476 1153 633 1218 conlatum.
679 1154 789 1214 voltum
807 1154 987 1213 iuueniorem
1009 1163 1156 1231 praestat.

141 1239 280 1297 insomnia
304 1237 383 1297 levat
408 1250 581 1316 suspensum
606 1239 634 1297 in
663 1238 799 1317 pulvino,
825 1247 856 1297 ut
882 1237 1064 1298 dormientes
1094 1239 1156 1300 ole-

141 1322 258 1382 faciant.
290 1322 487 1399 adpetentiam
512 1321 642 1382 ciborum
666 1331 812 1401 praestat,
837 1320 951 1399 quando
976 1319 1007 1379 id
1034 1339 1158 1400 quoqne

140 1407 216 1466 inter
231 1406 352 1465 artilicia
372 1404 497 1466 deliciae
518 1404 638 1483 iecere,
662 1424 700 1466 ex
721 1422 779 1485 quo
792 1404 876 1466 labor
898 1403 983 1464 desiit
1000 1404 1089 1465 cibos
1105 1423 1156 1485 pn-

143 1508 238 1550 scere.
263 1488 301 1549 ob
317 1488 368 1549 has
385 1506 488 1550 causas
505 1490 620 1568 quidam
634 1490 777 1551 anicetum
793 1489 821 1549 id
838 1481 995 1549 bocarere.
1166 1506 1185 1546 n

99 1582 149 1637 187
203 1572 288 1652 (73.)
303 1572 540 1633 laudatissimum
552 1583 599 1634 est
611 1571 773 1648 Creticum,
784 1590 955 1651 proxumum
963 1570 1160 1652 Aegyptium,

141 1657 198 1717 hoc
213 1657 341 1735 ligustici
362 1657 457 1716 vicem
476 1665 606 1736 praestat
626 1659 654 1716 in
676 1657 881 1733 condimentis,
903 1655 1024 1716 dolores
1050 1660 1157 1736 capitis

142 1741 222 1802 levat
243 1740 369 1801 sullitum
385 1739 511 1800 naribus.
548 1740 698 1818 epiphoris
716 1740 868 1801 oculorum
883 1739 1003 1801 Euenor
1024 1740 1157 1802 radicem

142 1826 205 1885 eins
227 1834 338 1884 tunsam
362 1824 488 1902 inponit,
510 1821 600 1883 Iollas
620 1827 715 1902 ipsum
736 1841 799 1884 cum
822 1840 911 1884 croco
934 1825 997 1901 pari
1017 1824 1112 1886 modo
1129 1835 1156 1886 et

142 1907 226 1982 vino,
250 1916 279 1967 et
299 1925 353 1984 per
371 1924 404 1966 se
421 1907 516 1966 tritum
533 1925 596 1966 cum
610 1907 730 1985 polenta
745 1907 780 1967 ad
794 1925 913 1985 magnas
927 1906 1088 1969 ductiones
1104 1923 1184 1970 err-a

141 1990 348 2068 trahendisque
363 1991 387 2049 si
400 2007 456 2068 qua
474 1991 502 2048 in
515 1990 619 2050 oculos
633 1990 796 2051 inciderint.
826 1993 936 2051 narium
953 2007 1076 2069 quoque
1094 2011 1156 2054 car-

101 2084 151 2137 188
164 2073 283 2133 cinodcs
306 2074 448 2133 consumit
467 2074 576 2133 inlitum
597 2093 636 2134 ex
655 2092 741 2154 aqua.
775 2074 858 2135 sedat
881 2076 1000 2151 anginas
1018 2092 1088 2136 cum
1106 2077 1156 2152 hy·

143 2175 218 2236 sopo
246 2175 281 2219 ac
306 2157 396 2218 melle
424 2176 462 2218 ex
489 2168 574 2219 aceto
599 2160 826 2236 gargarizatum,
854 2158 971 2219 auribus
995 2158 1158 2221 infunditur

144 2260 207 2302 cum
233 2259 378 2320 rosaceo,
406 2243 534 2303 thoracis
561 2243 677 2321 pituitas
701 2251 951 2322 purgattostum,
975 2259 1040 2302 curn
1064 2244 1156 2304 rnelle

142 2335 285 2405 sumptum
299 2325 412 2387 melius.
438 2345 501 2386 curn
512 2325 667 2387 acetabulo
683 2327 764 2386 anesi
779 2344 871 2386 nuces
886 2342 998 2386 amaras
1010 2340 1033 2386 1.
1045 2322 1155 2406 pnrga-
1164 2348 1186 2389 c

143 2419 187 2471 tas
204 2419 267 2470 tere
288 2412 317 2470 in
338 2411 427 2471 melle
445 2410 481 2470 ad
503 2411 613 2471 tussim.
643 2410 781 2471 facillime
800 2427 873 2470 vero
894 2412 976 2470 anesi
993 2409 1157 2472 drachmae

143 2503 219 2569 tres,
235 2495 392 2573 papaveris
408 2493 481 2554 duae
499 2494 657 2554 miscentur
670 2493 759 2554 melle
776 2492 811 2553 ad
827 2492 911 2554 labae
926 2494 1158 2570 magnitudinem

102 2586 153 2639 189
165 2585 193 2636 et
205 2585 307 2638 ternae
318 2577 420 2639 diebus
432 2586 588 2638 sumuntur.
617 2579 804 2656 praecipuum
819 2586 915 2638 autern
931 2576 1027 2637 estad
1041 2589 1156 2640 ructus.

53 2659 55 2664 ’
143 2661 210 2720 ideo
227 2660 420 2721 inflationibus
436 2661 578 2722 stomachi
592 2670 622 2721 et
636 2663 836 2722 intestinorum
850 2659 1020 2721 torminibus
1036 2670 1068 2721 et
1086 2680 1157 2723 coe

144 2743 228 2803 lincis
249 2744 389 2804 medetur.
425 2745 569 2822 singultus
595 2753 626 2804 et
647 2745 786 2805 olfactum
809 2753 969 2824 potumque
994 2743 1188 2807 decoetumo

144 2826 264 2888 inhibet.
289 2827 369 2888 loliis
385 2827 517 2888 decoctis
532 2828 638 2905 digerit
657 2827 823 2889 cruditates.
849 2835 937 2888 sucus
954 2827 1075 2888 decocti
1093 2848 1159 2891 curn

144 2912 211 2989 apio
235 2911 358 2972 olfactus
383 2920 577 2972 sternumenta
597 2910 716 2972 inhibet.
751 2920 851 2991 potum
873 2928 990 2973 somnns
1015 2916 1158 2991 concitat,

145 2994 277 3056 calculos
298 2995 398 3075 pellit,
420 2996 593 3056 vomitiones
615 2995 734 3057 cohibet
755 3005 784 3056 et
805 2996 1045 3075 praecordiorum
1061 3005 1157 3058 tamo-

146 3095 210 3153 res,
238 3087 268 3138 et
286 3088 440 3158 pectorum
463 3080 556 3156 vitiis,
583 3081 681 3140 nervis
701 3096 818 3159 qnoque
840 3079 944 3158 quibus
971 3081 1159 3142 succinctum

103 3172 155 3226 190
167 3170 212 3222 est
230 3179 338 3242 corpus
354 3164 544 3225 utilissimum.
580 3164 703 3244 prodest
717 3173 747 3225 et
763 3165 866 3244 capitis
886 3163 1038 3226 doloribus
1059 3164 1190 3226 instit-c

145 3247 199 3306 lari
220 3265 321 3308 sucum
338 3266 402 3309 curn
416 3247 484 3309 oleo
505 3248 631 3314 decocti.
668 3265 726 3310 non
741 3249 818 3309 aliud
833 3248 931 3309 utilius
948 3247 1044 3308 ventri
1061 3258 1098 3309 et
1115 3253 1158 3311 in·

146 3333 258 3393 testinis
273 3341 389 3412 putant,
407 3333 474 3394 ideo
491 3333 675 3408 dysintericis
693 3341 723 3394 et
737 3333 766 3392 in
778 3342 925 3393 tenesmos
937 3332 1021 3393 datur
1034 3340 1159 3395 tostum

144 3415 235 3494 aliqui
258 3417 365 3479 addunt
386 3427 416 3478 et
436 3419 549 3497 opium,
572 3417 670 3497 pilulis
691 3419 719 3478 in
735 3416 782 3476 die
796 3418 887 3477 ternis
903 3417 994 3495 lupini
1009 3419 1160 3495 magnitu-
