2422 3840
279 147 359 196 nnn.
374 146 465 195 msc.
479 146 538 194 xx.
561 143 647 198 7—8.
668 135 821 213 (uo—30.)
1005 138 1065 199 199

62 305 89 362 in
114 302 158 361 his
183 300 260 360 iacta
286 301 352 359 sint.
398 299 486 360 bliras
507 309 536 360 ct
557 301 629 362 alias
651 302 765 362 invenio
788 301 902 362 laudes:
933 303 1060 365 thoracis
1072 315 1109 370 68

61 386 139 446 vitiis
152 384 295 463 prodesse
308 401 366 444 non
378 400 465 443 secus
478 402 562 464 quarn
574 385 763 446 habrotonum
778 403 841 446 com
852 387 940 447 melle
952 387 1063 464 Attico,

62 470 238 548 coopurgari
263 477 292 527 et
319 467 440 527 feminas
467 468 525 528 hoc
548 468 631 546 cibo,
659 488 757 530 sennen
783 472 936 531 sativarum
964 481 1064 532 contra

61 554 234 631 scorpiones
250 552 329 628 dari,
350 552 459 611 semine
476 555 543 613 trito
561 553 680 613 euvino
696 563 766 632 poto
783 563 812 613 et
828 554 976 615 libidinum
994 558 1062 616 ima-

35 638 226 714 sginationes
246 638 275 695 iu
291 652 392 696 somno
411 639 565 714 conpesci,
589 639 755 717 temptantis
773 655 862 715 aquas
879 657 937 699 nou
953 658 1064 700 nocere

60 723 200 781 lactucam
216 719 377 780 edentibus.
401 719 514 798 quidam
530 730 625 780 tamen
644 720 861 799 frequentiores
875 722 904 781 in
921 723 987 782 cibo
1000 725 1063 783 olfi-

60 823 129 865 cere
147 805 270 865 claritati
285 802 435 862 oculorum
449 804 637 865 tradiderunt.

123 887 151 948 8.
177 889 261 968 (27.)
286 887 349 945 Nec
361 885 430 946 beta
444 887 506 947 sine
522 887 658 948 remediis
674 897 718 947 est
733 896 870 966 utraque:
888 888 950 947 sive
965 889 1060 948 candi·
1073 899 1108 953 69

60 973 114 1033 dae
135 975 196 1030 sive
211 972 313 1048 nigrae
331 970 412 1031 radix
427 989 533 1031 recens
552 981 580 1032 et
596 971 757 1033 madefacta
774 990 916 1050 suspensa
935 970 1063 1032 luniculo

23 1073 48 1114 ro
60 1064 159 1116 contra
180 1055 357 1134 serpentium
373 1072 487 1115 morsus
508 1057 614 1117 ellicax
630 1074 697 1116 esse
717 1055 836 1133 dicitur,
861 1053 981 1116 candida
996 1055 1063 1115 beta

59 1147 143 1200 cocta
166 1147 272 1198 etcum
293 1139 351 1199 alio
370 1139 460 1199 crudo
485 1149 596 1218 sumpta
613 1149 713 1200 contra
728 1141 854 1216 taenias,
873 1140 974 1217 nigrae
990 1139 1063 1199 radi·

58 1242 109 1284 ces
131 1225 170 1282 ita
190 1222 219 1281 in
244 1242 317 1302 aqua
340 1232 443 1282 coctae
466 1225 644 1302 porriginem
665 1223 786 1300 tollunt,
809 1234 896 1302 atque
924 1225 952 1282 in
973 1232 1063 1283 totum

57 1308 209 1368 efficacior
236 1325 303 1366 esse
327 1304 449 1366 traditur
473 1308 566 1384 nigra.
604 1325 691 1366 sucus
720 1308 782 1367 eius
810 1307 915 1385 capitis
942 1306 1062 1367 dolores

56 1401 175 1451 veteres
198 1399 228 1449 et
245 1390 422 1466 vertigines,
443 1389 512 1449 item
528 1392 650 1450 sonitum
669 1391 777 1450 aurium
792 1390 876 1450 sedat
891 1390 1001 1450 infusus
1018 1394 1062 1468 iis,

21 1477 116 1534 rsciet
141 1474 259 1532 urinam.
302 1471 443 1532 medetur
457 1472 640 1548 dysintericis
662 1474 768 1534 iniecta
789 1483 818 1533 et
838 1472 942 1533 rnorbo
963 1476 1059 1552 regio,
1072 1485 1107 1539 70

57 1557 177 1618 dolores
207 1574 322 1635 quoque
345 1554 471 1616 dentium
496 1557 579 1617 sedat
598 1556 694 1616 inlitus
716 1575 802 1617 sucus
825 1566 855 1616 et
878 1565 979 1616 contra
1002 1576 1063 1616 ser·

58 1641 184 1722 pentium
200 1641 274 1699 ictus
289 1639 385 1715 valet,
403 1639 455 1699 sed
474 1639 522 1700 hic
537 1640 627 1700 radici
644 1641 792 1700 dumtaxat
803 1658 973 1718 expressus.
997 1643 1061 1720 ipsa

56 1741 128 1784 vero
156 1724 279 1784 decocta
304 1724 492 1802 pernionibus
518 1726 654 1784 occurrit.
699 1724 765 1784 alba
791 1724 950 1802 epiphoras
980 1725 1063 1784 sedat

56 1810 152 1869 lronte
164 1807 261 1883 inlita,
275 1807 404 1868 aluminis
418 1826 508 1887 parvo
521 1808 647 1869 admixto
660 1810 756 1886 ignem
768 1826 890 1868 sacrum.
916 1808 978 1867 sine
991 1808 1058 1868 oleo
1071 1818 1102 1872 71

19 1895 121 1956 tottila
137 1894 181 1952 sic
196 1901 226 1952 et
240 1891 349 1952 adustis
366 1893 507 1952 medetur.
532 1901 678 1954 eteontra
694 1894 863 1970 eruptiones
879 1891 1061 1971 papularum,

56 1986 200 2056 coctaque
226 1975 327 2038 eadem
352 1986 453 2037 contra
482 1978 582 2038 ulcera
611 1995 685 2056 quae
710 1985 830 2055 serpunt
855 1976 997 2054 inlinitur,
1032 1986 1061 2037 et

55 2060 196 2139 alopeciis
222 2061 309 2121 cruda
332 2069 361 2119 et
380 2060 529 2121 ulceribus
549 2079 623 2139 quae
644 2063 672 2120 in
695 2061 791 2138 capite
812 2069 935 2120 manant.
973 2078 1060 2121 sucus

56 2144 118 2204 eius
140 2161 203 2202 cum
223 2143 311 2204 melle
332 2143 449 2203 naribus
475 2143 579 2203 inditus
606 2154 692 2221 caput
716 2153 828 2222 purgat.
874 2146 1009 2223 coquitur
1032 2153 1061 2204 et

58 2245 121 2286 curn
148 2226 286 2286 lenticula
313 2225 409 2286 addito
434 2234 537 2303 aceto,
564 2235 594 2285 ot
617 2236 749 2284 ventrem
774 2226 894 2286 molliat.
939 2227 1061 2286 validius

19 2332 46 2371 as
60 2318 144 2370 cocta
160 2310 313 2369 lluctiones
329 2308 469 2369 stomachi
487 2319 516 2369 et
532 2311 640 2369 ventris
656 2310 740 2368 sistit.

119 2393 204 2473 (28.)
227 2391 281 2452 Est
303 2398 331 2454 et
353 2392 420 2454 beta
444 2394 588 2454 silvestris
605 2411 689 2472 quam
704 2392 842 2453 limonion
860 2400 984 2466 vocant,
1009 2391 1104 2457 aliitn

54 2477 228 2556 neuroides,
254 2476 371 2537 multum
391 2477 550 2537 minoribus
573 2476 652 2537 foliis
674 2476 912 2554 tenuioribusque
934 2492 968 2534 ac
991 2475 1061 2535 den·

55 2561 197 2640 sionibus,
223 2561 357 2621 uudecirn
379 2578 485 2639 saepe,
515 2561 599 2620 caule
624 2560 676 2620 lili.
721 2560 803 2620 huius
830 2558 901 2620 lolia
923 2558 1062 2620 ambustis

55 2646 135 2704 utilia
161 2647 333 2720 gustantium
359 2662 393 2704 os
419 2642 608 2721 adstringunt.
645 2662 746 2703 sernen
765 2642 909 2704 acetabuli
926 2661 1061 2705 mensura

17 2746 45 2788 ao
57 2729 240 2802 dysintericis
270 2727 400 2806 prodest.
448 2745 522 2806 aqua
545 2728 607 2788 eius
628 2746 645 2786 e
664 2727 762 2788 radice
785 2727 908 2787 decocta
932 2728 1060 2789 maculas

54 2813 178 2870 vestium
195 2811 253 2871 elui
272 2811 367 2871 dicunt
382 2813 509 2890 iternque
525 2811 764 2871 membranarum.
910 2807 913 2821 '

116 2895 200 2974 (29.)
223 2893 316 2955 lntubi
332 2914 448 2975 quoque
463 2896 521 2955 uon
537 2905 620 2956 extra
635 2896 765 2956 remedia
796 2904 870 2955 suut.
905 2911 991 2954 sucus
1007 2911 1056 2952 eo·
1070 2901 1105 2956 73

55 2998 115 3040 rorn
134 2998 196 3039 cum
213 2997 338 3040 rosaceo
353 2988 383 3039 et
396 2988 481 3040 aceto
499 2981 603 3059 capitis
616 2979 736 3040 dolores
751 2979 833 3055 lenit,
849 2979 984 3057 idemque
998 2995 1061 3036 cunr

53 3067 120 3124 vino
138 3073 223 3143 potus
239 3064 375 3124 iocineris
393 3071 421 3122 et
436 3065 566 3138 vesicae,
586 3072 614 3123 et
631 3063 781 3143 epiphoris
797 3063 951 3142 inponitur.
984 3079 1061 3121 erra-

16 3166 45 3208 au
55 3151 141 3208 ticum
162 3148 238 3227 apud
258 3165 311 3209 nos
332 3146 446 3227 quidam
468 3147 608 3207 ambulem
630 3147 829 3226 appellavere.
875 3148 903 3207 in
923 3146 1062 3224 Aegypto

55 3233 213 3293 cichorium
233 3242 337 3292 vocant
362 3230 439 3310 quod
459 3231 594 3291 silvestre
615 3233 667 3309 sit,
688 3233 811 3292 sativom
839 3240 934 3291 autem
963 3230 1062 3304 serim,

53 3316 131 3393 quod
151 3326 196 3376 est
210 3317 302 3377 miuus
317 3326 347 3378 et
360 3316 508 3375 venosius.

119 3399 203 3477 (30.)
225 3399 388 3462 Cichorium
407 3398 572 3475 refrigerat.
601 3399 629 3458 in
651 3399 717 3459 cibo
738 3408 879 3479 sumptum
901 3408 929 3457 et
949 3396 1058 3457 inlitum
1071 3402 1107 3459 74
