2422 3840
135 172 175 231 52
487 181 517 228 c.
533 183 629 228 Parui
645 182 794 229 suenum

95 346 130 400 37
141 347 170 396 ct
187 335 325 415 quidquid
341 336 436 412 optari
451 335 539 396 debet
555 337 584 394 in
600 351 636 394 eo
652 333 797 394 vocabulo
808 335 980 396 invenietur.
1001 334 1051 394 illa
1062 342 1136 393 tem-

138 430 258 499 peratae
275 419 425 494 ubertatis,
444 418 494 479 illa
509 418 605 479 mollis
624 417 777 495 facilisque
793 417 934 494 culturae,
951 436 1008 478 nec
1022 417 1136 477 madida

137 522 192 563 nec
208 504 317 584 sitiens,
351 501 401 560 illa
415 511 482 580 post
496 519 644 561 vomerem
659 503 821 576 nitescens,
840 502 954 578 qualem
971 500 1036 561 fons
1053 501 1135 579 inge·

137 590 250 646 nicrum
273 585 414 646 Homerus
439 587 467 643 in
490 586 575 645 armis
597 584 690 644 adeo
715 584 854 644 caelatam
877 584 948 644 dixit
968 584 1135 662 addiditque

138 669 304 730 miraculum
325 670 534 746 nigrescentis,
559 668 687 746 quamvis
710 667 793 726 lieret
808 685 847 726 ex
867 685 947 728 auro.
980 667 1029 727 illa
1050 685 1160 745 quams

136 763 285 815 recentem
298 754 450 831 exquirunt
462 752 602 831 inprobae
615 751 699 811 alites
711 768 859 810 vomerem
878 754 1048 811 comitantes
1070 768 1135 810 cor·

93 840 228 917 aevique
244 839 366 897 aratoris
382 837 506 912 vestigia
528 838 592 914 ipsa
610 835 758 895 rodentes.
787 833 935 895 Reddatur
950 835 1007 894 hoc
1022 836 1050 894 in
1066 835 1135 894 loco

136 922 267 982 luxuriae
280 937 397 999 quoque
409 921 552 978 sententia
565 918 674 977 Italica.
694 919 722 977 in
736 921 915 997 propositum
926 915 1134 994 certeGicero,

137 1006 186 1064 lux
218 1005 411 1064 doctrinarum
447 1003 556 1062 altera:
592 1001 766 1076 Meliora,
806 1003 915 1079 inquit,
947 1011 1135 1078 unguenta

136 1095 220 1148 sunt
242 1105 332 1165 quae
350 1095 708 1163 terramquamquae
732 1087 1046 1165 crocumsapiunt.
1077 1085 1171 1144 hocro

137 1173 211 1230 enim
227 1170 324 1229 maluit
340 1169 449 1229 dixisse
466 1186 549 1247 quam
571 1167 754 1230 redolent.
786 1171 825 1228 ita
847 1179 892 1228 est
910 1168 1061 1247 prolecto,
1085 1168 1136 1227 illa

93 1265 128 1320 39
141 1255 195 1315 erit
209 1263 325 1332 optuma
344 1270 418 1330 quae
433 1261 578 1329 unguenta
591 1254 694 1330 sapiet.
724 1253 802 1331 quod
817 1253 841 1310 si
857 1252 1027 1313 admonendi
1039 1269 1136 1310 sumus

137 1338 230 1417 qualis
245 1339 281 1395 sit
296 1345 392 1395 terrae
409 1337 483 1396 odor
495 1336 545 1395 ille
561 1337 609 1414 qui
623 1338 780 1413 quaeritur,
797 1337 937 1413 contingit
948 1353 1038 1414 saepe
1050 1336 1136 1395 etiam

136 1423 305 1500 quiescente
321 1438 355 1479 ea
370 1419 424 1480 sub
437 1437 573 1479 occasum
590 1420 672 1496 solis,
685 1421 713 1479 in
728 1436 785 1497 quo
803 1419 871 1480 loco
887 1438 972 1480 arcus
990 1419 1136 1479 caelestes

136 1505 274 1566 deiecere
298 1506 394 1583 capita
420 1521 489 1578 sua,
512 1512 541 1563 et
569 1521 632 1563 cum
655 1520 671 1562 a
693 1504 824 1563 siccitate
844 1504 979 1563 continua
1000 1502 1137 1562 inmaduit
1147 1522 1171 1564 rs

135 1588 236 1648 imbre.
268 1598 336 1648 tuuc
353 1589 456 1647 emittit
471 1588 548 1647 illum
563 1605 644 1646 suum
659 1586 776 1646 halitum
792 1587 915 1646 divinum
931 1586 1049 1646 exsule
1066 1603 1135 1645 con·

136 1681 268 1750 ceptum,
300 1674 345 1730 cui
368 1672 521 1749 conparari
544 1673 671 1730 suavitas
694 1671 772 1730 nulla
795 1672 899 1748 possit.
928 1672 953 1728 is
976 1688 1043 1729 esse
1066 1687 1134 1730 con·

135 1764 212 1814 mota
229 1754 364 1829 debebit,
386 1763 581 1832 repertusque
598 1755 739 1813 nemiuem
754 1754 853 1830 fallet,
871 1772 906 1814 ac
921 1754 957 1814 de
971 1763 1048 1814 terra
1060 1754 1136 1813 odor

135 1848 251 1914 optume
274 1837 419 1897 iudicabit.
448 1837 514 1896 talis
536 1837 600 1895 lere
622 1845 667 1895 est
689 1839 717 1897 iu
741 1838 894 1897 novalibus
920 1856 1006 1898 caesa
1030 1847 1134 1897 vetare

93 1922 209 1985 oosilva
225 1938 300 1999 quac
317 1937 460 1979 consensu
475 1920 616 1979 laudatur.
648 1918 686 1978 Et
702 1921 730 1979 in
745 1922 877 1999 frugibus
900 1922 1014 1999 quidem
1037 1921 1133 1980 feren·
1145 1947 1172 1986 20

135 2004 178 2064 dis
200 2003 301 2062 eadem
327 2012 406 2063 terra
429 2003 525 2062 utilior
548 2003 726 2081 intellegitur
743 2006 876 2084 quotiens
895 2006 1058 2066 intermissa
1075 2005 1134 2064 cul-

134 2096 197 2146 tura
221 2087 345 2164 quievit,
373 2087 450 2165 quod
472 2088 614 2146 invineis
638 2104 696 2146 uon
716 2088 761 2167 lit,
790 2106 885 2165 eoque
908 2097 954 2148 est
970 2088 1134 2165 diligentius

135 2170 282 2247 eligenda,
299 2189 335 2231 ne
350 2189 421 2232 vera
436 2173 558 2230 exsistat
568 2171 666 2249 opinio
679 2189 778 2231 eorum
792 2174 840 2250 qui
849 2174 904 2231 iam
916 2172 1017 2232 ltaliae
1029 2181 1134 2231 terram

95 2265 128 2319 41
142 2255 344 2316 existimavere
360 2256 476 2316 lassam.
506 2254 611 2333 Operis
627 2256 880 2333 quidem'lacultas
896 2257 925 2315 in
940 2255 1004 2315 aliis
1019 2257 1134 2332 generi·

135 2338 189 2399 bus
212 2348 324 2400 constat
346 2348 375 2399 et
393 2340 494 2415 caelo,
520 2357 576 2398 nec
602 2348 700 2416 potest
719 2343 793 2399 arari
819 2348 887 2418 post
912 2338 1009 2398 imbris
1026 2339 1132 2417 aliqua,
1144 2366 1170 2405 25

135 2422 275 2483 ubertatis
296 2425 365 2483 vitio
388 2424 574 2498 lentescens,
600 2431 700 2482 contra
721 2424 748 2481 in
768 2422 892 2498 Byzacio
914 2423 1033 2483 Africae
1053 2423 1132 2482 illum

136 2515 259 2566 centena
277 2509 477 2584 quinquagena
493 2506 578 2582 fruge
592 2506 718 2566 fertilem
736 2524 865 2585 campum
880 2507 977 2582 nullis,
999 2525 1063 2567 cum
1077 2509 1133 2566 sic-

136 2607 198 2648 cum
212 2597 267 2662 est,
283 2590 421 2649 arabilem
437 2591 537 2666 tauris,
552 2598 620 2667 post
637 2590 736 2649 imbris
750 2590 801 2650 vili
817 2591 910 2651 asello
927 2600 956 2650 et
971 2608 987 2650 a
1002 2600 1084 2670 parte
1093 2589 1133 2649 al·

135 2681 196 2731 tera
210 2673 297 2748 iniugi
313 2691 367 2731 anu
379 2691 526 2734 vomerem
538 2673 668 2733 trahente
680 2673 802 2733 vidimus
815 2675 914 2735 scindi.
937 2683 1043 2734 terram
1059 2675 1133 2733 enim

137 2765 213 2815 terra
230 2755 393 2835 emendari,
417 2765 447 2817 ut
462 2758 549 2834 aliqui
570 2758 767 2835 praecipiunt,
790 2776 879 2835 super
904 2767 1019 2818 tenuem
1036 2758 1135 2836 pingui
1144 2776 1170 2818 ao

135 2841 239 2898 iniecta
256 2848 304 2898 aut
320 2839 421 2917 gracili
444 2838 602 2916 bibulaque
623 2859 712 2919 super
727 2842 849 2902 umidam
864 2860 899 2901 ac
914 2843 1133 2920 praepinguem,

135 2923 280 2982 dementia
303 2940 414 3001 operae
430 2930 484 2982 est.
520 2923 586 3000 quid
608 2932 707 3001 potest
727 2942 848 3002 sperare
871 2927 918 3002 qui
936 2925 1006 2985 colit
1026 2920 1135 2984 talem?
1155 2976 1158 2982 .

93 3015 128 3067 42
203 3007 232 3066 6.
250 3006 314 3085 (4.)
327 3005 392 3065 Alia
408 3014 453 3065 est
467 3006 540 3066 ratio
561 3024 643 3084 quam
657 3006 819 3068 Britanniae
833 3007 980 3068 etGalliae
995 3010 1135 3068 invenere

135 3088 232 3148 alendi
253 3106 315 3150 eam
337 3091 416 3167 ipsa,
437 3107 588 3167 genusque
610 3091 688 3169 quod
708 3102 815 3153 vocant
838 3109 974 3169 mergam.
1012 3093 1136 3171 spissior

136 3171 253 3230 ubertas
272 3172 300 3229 iu
316 3190 349 3231 ea
371 3172 550 3250 intellegitur
569 3184 598 3235 et
619 3175 731 3253 quidam
757 3185 852 3237 terrae
875 3176 977 3254 adipes
998 3195 1033 3237 ac
1054 3176 1171 3235 velutss

136 3254 251 3331 glandia
268 3255 297 3312 iu
313 3256 502 3333 corporibus,
524 3257 562 3316 ibi
582 3259 721 3320 densante
743 3280 775 3321 se
797 3259 1000 3338 pinguitudinis
1016 3259 1133 3319 nucleo.

137 3340 166 3398 7.
184 3337 250 3398 Non
262 3339 388 3398 omisere
402 3349 430 3399 et
444 3340 501 3401 hoc
510 3340 613 3402 Graeci
626 3378 668 3390 -
680 3345 748 3422 qnid
760 3346 835 3404 enim
846 3345 1043 3422 intemptatum
1055 3339 1135 3402 illis?

135 3423 385 3501 -leucargillon
405 3434 511 3486 vocant
535 3426 681 3488 candidam
702 3428 833 3506 argillam
857 3428 961 3506 quain
983 3425 1134 3504 blegarico
