2422 3840
294 196 375 242 unu.
397 194 487 242 ursa.
506 183 893 261 xvrr11.³-4.(15—19.)
1036 183 1095 244 163

94 349 219 412 cumlodi
238 349 352 408 solitum
366 349 534 428 prodidere,
550 368 606 409 nec
620 351 737 429 purgari
748 367 868 428 pecora,
884 348 936 408 sed
948 366 1038 425 aegra
1051 367 1095 408 sa·

94 437 155 494 nari
171 442 218 492 aut
233 435 364 511 protinus
379 436 463 508 mori,
479 434 558 511 quod
573 434 601 492 in
616 435 716 512 paucis
732 434 877 493 accidere.
910 433 1030 493 Persico
1049 433 1095 491 sil·

94 518 163 598 phio
179 518 259 596 prior
275 518 373 595 opinio
391 520 535 593 congruit.

157 601 240 680 (16.)
263 600 394 660 Alterum
417 618 511 677 genus
531 602 593 660 eius
619 609 664 660 est
685 601 762 679 quod
781 600 947 676 magydaris
968 607 1138 675 vocatoqto

71 685 220 744 tteneriue
237 695 267 744 et
280 686 372 743 minus
393 683 565 762 vehemens,
589 687 651 744 sine
671 701 759 761 suco,
783 683 860 762 quod
882 685 959 744 circa
984 685 1096 757 Syriam

92 769 235 844 nascitur,
258 785 315 827 non
337 769 513 846 proveniens
534 769 563 827 in
579 766 741 842 Cyrenaica
760 767 893 843 regione.
924 767 1052 843 gignitur
1067 775 1096 825 et

92 853 120 911 in
136 852 262 912 Parnaso
278 860 375 925 mopte
397 851 547 930 copiosum
569 850 736 929 quibusdam
756 850 942 928 laserpicium
966 851 1092 908 vocanti·

91 936 161 1009 bus,
177 953 231 1013 per
247 951 321 1012 quae
339 936 433 994 omnia
447 935 624 995 adulteratur
638 937 681 994 rei
696 933 901 993 saluberrimae
917 934 1095 993 utilissimae·

93 1036 150 1097 que
166 1019 332 1077 auctoritas.
359 1017 493 1096 probatio
510 1020 617 1078 sinceri
632 1020 722 1098 prima
738 1019 767 1076 in
784 1017 885 1077 colore
900 1016 1014 1077 modice
1029 1016 1094 1090 rulo

58 1121 83 1161 ro
94 1111 137 1177 et,
161 1119 224 1162 cunr
239 1101 398 1179 frangatur,
420 1101 541 1161 candido
557 1103 646 1179 intus,
663 1120 732 1162 mox
747 1101 908 1161 tralucente
925 1110 1005 1178 gutta
1021 1117 1095 1176 quae

93 1204 167 1264 aqua
185 1185 333 1263 salivaque
349 1185 501 1263 liquescat.
534 1205 602 1246 usus
614 1189 643 1245 in
657 1186 752 1245 multis
767 1184 1012 1245 medicaminibus.

155 1270 240 1348 (17.)
264 1268 335 1329 Sunt
351 1270 509 1330 etiamnum¹
523 1268 579 1329 duo
602 1288 712 1346 genera
735 1270 866 1329 nonnisi
888 1267 1006 1328 sordido
1027 1273 1136 1328 notati

91 1353 193 1431 volgo,
210 1370 274 1412 cunr
290 1361 411 1430 quaestu
423 1353 539 1412 multum
555 1353 694 1431 polleant.
719 1354 857 1431 inprimis
869 1353 950 1412 rubia
964 1354 1094 1426 tinguen-

92 1436 136 1496 dis
152 1437 225 1496 lanis
241 1445 270 1495 et
289 1437 375 1494 coriis
392 1437 570 1496 necessaria.
599 1436 791 1496 laudatissima
806 1435 907 1495 ltalica
923 1445 952 1494 et
964 1451 1094 1494 maxume

57 1539 82 1578 15
92 1518 270 1594 suburbana,
296 1528 324 1578 et
345 1535 445 1578 omnes
466 1537 560 1596 paene
585 1520 752 1596 provinciae
773 1527 885 1578 scatent
911 1537 955 1578 ea.
991 1526 1096 1595 sponte

92 1603 227 1681 provenit
246 1603 408 1680 seriturque
430 1601 612 1661 similitudine
632 1603 767 1676 erviliae,
791 1619 891 1660 verum
913 1603 1049 1680 spinosus
1069 1600 1094 1658 ei

92 1686 191 1746 caulis.
225 1685 406 1762 geniculatus
419 1685 466 1746 hic
483 1694 527 1744 εει
542 1687 636 1762 quinis
653 1687 730 1745 circa
744 1686 883 1745 articulos
904 1686 932 1743 in
954 1684 1026 1744 orbe
1051 1684 1093 1742 lo·

91 1770 146 1830 liis.
172 1787 271 1828 semen
294 1770 356 1828 eius
376 1767 505 1829 rubrum
527 1777 581 1828 est.
614 1768 696 1829 rubia
718 1787 791 1847 quos
814 1771 842 1829 in
857 1767 998 1828 medicina
1027 1783 1095 1827 usus

90 1852 196 1914 habeat
213 1853 339 1913 dicemus
355 1871 407 1913 suo
423 1853 501 1912 loco.
1079 1868 1136 1910 atat

54 1952 81 1992 no
153 1936 237 2016 (te.)
261 1937 300 1996 At
315 1955 388 2015 quae
405 1945 525 1996 vocatur
540 1936 668 1997 radicula
685 1935 813 1996 lavandis
829 1935 940 1996 demum
961 1936 1034 1995 lanis
1051 1943 1137 1997 εει-48

91 2040 154 2082 cum
168 2019 272 2097 habet,
294 2022 393 2079 mirum
416 2029 549 2097 quantum
572 2020 727 2080 conferens
748 2019 866 2079 candori
887 2018 1093 2096 mollitiaeque.

90 2106 219 2165 nascitur
234 2105 324 2163 sativa
345 2103 469 2180 ubique,
492 2102 545 2162 sed
565 2112 671 2182 sponte
688 2105 847 2182 praecipua
868 2105 896 2161 in
911 2102 982 2162 Asia
998 2105 1094 2176 Syria-

92 2206 157 2264 que,
175 2187 288 2245 saxosis
303 2194 332 2244 et
347 2186 459 2263 asperis
475 2186 560 2261 locis,
580 2195 658 2245 trans
670 2184 839 2262 Euphraten
853 2195 947 2244 tamen
961 2186 1093 2245 laudatis·

92 2273 173 2346 sima,
190 2269 272 2328 caule
289 2268 449 2344 ferulaceo,
466 2271 544 2327 tenui
561 2278 590 2327 et
605 2271 683 2346 ipso,
699 2267 770 2327 cibis
788 2268 984 2343 indigenarum
1002 2287 1092 2345 expe·

55 2356 143 2414 uetito
157 2363 186 2412 et
198 2353 360 2429 unguentis,
373 2351 511 2430 quidquid
523 2354 559 2410 sit
572 2370 634 2411 cum
647 2369 704 2428 quo
716 2350 905 2428 decoquatur,
918 2351 989 2410 lolio
1000 2350 1093 2410 oleae.

91 2437 232 2497 struthion
247 2436 351 2497 Graeci
364 2445 480 2496 vocant.
505 2435 590 2495 lloret
604 2444 725 2512 aestate,
737 2444 819 2511 grata
833 2433 983 2512 adspectu,
995 2453 1095 2492 verum

90 2522 152 2580 sine
166 2521 269 2596 odore,
289 2522 427 2598 spinosae
444 2519 527 2579 caule
545 2520 698 2596 lanuginis.
726 2536 824 2578 semen
841 2520 867 2577 ei
881 2517 998 2593 nullum,
1013 2517 1095 2577 radix

90 2623 204 2680 magna,
220 2621 294 2680 quae
310 2602 469 2662 conciditur
484 2602 519 2662 ad
536 2621 620 2682 quem
637 2603 741 2662 dictum
758 2611 802 2660 εει
817 2620 906 2660 usum.

153 2689 182 2746 4.
206 2685 290 2764 (19.)
315 2686 355 2764 [1]
381 2686 427 2746 Ab
444 2685 489 2745 his
509 2696 645 2765 superest
662 2686 770 2745 reverti
783 2685 818 2745 ad
833 2685 981 2744 hortorum
997 2693 1137 2748 curam49

54 2779 119 2829 acet
142 2778 244 2847 suapte
264 2778 362 2829 natura
384 2769 610 2846 memorandam,
640 2779 668 2829 et
689 2771 822 2846 quoniam
847 2770 1000 2846 antiquitas
1026 2770 1093 2828 nihil

89 2855 169 2932 prius
184 2854 284 2911 mirata
299 2863 343 2912 est
359 2871 443 2930 quam
458 2852 648 2932 Hesperidum
664 2853 764 2913 hortos
776 2871 810 2912 ac
826 2870 927 2929 regum
939 2852 1050 2912 Adonis
1067 2861 1095 2910 et

89 2937 220 3013 Alcinoi,
237 2938 361 3013 itemque
378 2937 515 3015 pensilis,
532 2938 594 2996 sive
610 2937 678 2997 illos
691 2937 856 2995 Semiramis
874 2937 936 2994 sive
954 2937 1093 3009 Assyriae

88 3040 142 3081 rex
153 3022 243 3095 Syrus
260 3020 340 3096 lecit,
357 3019 393 3079 de
406 3037 526 3097 quorum
539 3038 630 3098 opere
646 3020 702 3079 alio
715 3019 859 3078 volumine
871 3019 1008 3078 dicemus.
1036 3020 1092 3078 llo·
1103 3029 1137 3080 50

88 3107 161 3165 mani
178 3104 292 3183 quidem
307 3121 396 3180 reges
413 3105 468 3180 ipsi
485 3102 613 3162 coluere.
645 3105 752 3182 quippe
766 3104 850 3162 etiam
864 3104 1012 3182 Superbus
1024 3123 1092 3161 nun·

54 3204 78 3246 ne
88 3191 157 3249 tium
173 3189 251 3248 illum
266 3205 385 3246 saevom
400 3196 487 3263 atque
505 3189 717 3262 sanguinarium
733 3186 792 3247 lilio
809 3189 919 3247 remisit
939 3207 977 3247 ex
996 3188 1091 3246 horto.

88 3274 116 3332 in
132 3287 183 3333 ΧΠ
198 3270 301 3334 tabulis
316 3271 414 3348 legum
429 3279 590 3330 nostrarum
602 3288 740 3349 nusquam
751 3274 911 3331 nominatur
924 3271 1003 3344 villa,
1021 3288 1092 3328 sem·

89 3370 143 3434 per
159 3359 187 3416 in
205 3356 414 3434 significatione
437 3372 470 3414 ea
487 3353 632 3430 hortus,
653 3356 681 3414 in
702 3355 778 3414 horti
799 3372 871 3435 vero
886 3353 1092 3427 heredium,

90 3457 172 3517 quam
186 3440 224 3501 ob
239 3458 300 3500 rem
319 3441 451 3500 comitata
475 3446 520 3498 est
540 3447 569 3498 et
590 3438 695 3515 religio
719 3437 862 3517 quaedam
870 3437 1055 3576 ,lenptoupe
1073 3444 1109 3486 ex
