2422 3840
114 155 173 216 180
457 166 487 213 c.
504 166 601 213 surm
617 165 767 213 secunus

112 331 159 381 aut
177 322 317 399 Apiciana
341 329 476 394 coctura,
505 321 572 379 oleo
596 337 631 378 ac
654 320 732 394 sale,
761 320 925 397 priusquam
942 328 1120 398 coquantur,

70 413 121 469 144
132 406 294 464 maceratis.
334 402 386 462 list
402 406 476 463 inter
491 404 596 464 herbas
614 421 707 480 genus
724 403 871 463 inserendi
888 402 1034 481 praecisis
1050 420 1120 480 ger·

110 488 232 547 minibus
254 496 283 546 et
310 487 400 547 caulis
423 490 451 546 in
473 487 627 547 medullam
648 487 758 547 semine
782 504 819 546 ex
835 486 899 546 aliis
915 486 1026 546 addito.
1062 486 1123 546 boc

56 589 57 592 ¹
113 581 141 631 et
162 573 189 630 iu
214 589 368 630 cucumere
390 572 525 631 silvestri.
556 588 612 630 nec
629 588 686 629 uon
701 570 766 629 olus
785 586 902 647 quoque
917 568 1059 629 silvestre
1076 577 1123 631 est

111 654 254 734 triumpho
278 656 334 713 divi
355 654 408 714 luli
431 653 602 714 carminibus
623 655 780 732 praecipue
797 654 929 730 iocisque
944 653 1145 714 militaribuss

112 738 305 813 celebratum,
331 739 450 798 alternis
473 740 579 817 quippe
601 738 734 796 versibus
757 736 977 815 exprobravere
995 736 1124 816 lapsana

111 841 144 881 se
158 823 268 881 vixisse
284 823 360 899 apud
375 821 581 896 Durrachium,
598 823 790 899 praemiorum
806 821 1009 899 parsimoniam
1029 821 1123 881 cavil-

112 906 216 965 lantes,
240 916 284 965 est
299 915 393 965 autem
410 906 436 965 id
453 924 535 981 cyma
549 905 702 965 silvestris.

71 999 119 1053 145
154 1013 155 1017 ¹
196 989 279 1068 (42.)
303 987 432 1047 Omnium
446 991 474 1049 in
487 989 579 1048 hortis
593 1007 689 1048 rerum
701 988 858 1048 lautissima
871 1005 939 1046 cura
952 990 1121 1066 asparagis.

70 1091 143 1135 rsus
161 1071 206 1131 De
230 1073 341 1148 origine
365 1090 463 1131 eorum
484 1075 512 1132 in
534 1071 717 1131 silvestribus
742 1073 818 1131 curis
838 1070 950 1131 abunde
965 1070 1075 1131 dictum
1092 1080 1154 1132 eto

113 1155 258 1233 quomodo
281 1172 334 1215 eos
355 1155 468 1215 iuberet
485 1154 558 1216 Cato
578 1157 607 1214 in
622 1155 817 1215 harundinetis
833 1155 901 1214 seri.
934 1162 1027 1214 estet
1044 1154 1124 1216 aliud

112 1256 204 1315 genus
227 1238 359 1298 incultius
383 1257 543 1317 asparago,
569 1241 664 1299 mitius
684 1239 824 1314 corruda,
854 1238 961 1316 passim
982 1239 1073 1298 etiam
1095 1241 1124 1299 iu

111 1322 254 1381 montibus
269 1340 410 1398 nascens,
429 1323 546 1384 refertis
561 1325 722 1401 superioris
735 1323 904 1384 Germaniae
918 1323 1047 1399 campis,
1064 1341 1124 1383 non

112 1405 228 1465 inficeto
246 1405 344 1466 Tiberi
362 1404 498 1466 Caesaris
519 1407 596 1466 dicto
619 1407 740 1467 herbam
764 1407 803 1466 ibi
825 1405 964 1484 quandam
981 1407 1066 1467 nasci
1083 1408 1121 1466 si-

72 1499 122 1553 146
134 1489 277 1549 millimam
301 1508 455 1570 asparago.
484 1509 547 1550 nam
571 1491 647 1569 quod
663 1493 691 1549 in
707 1490 816 1551 Neside
833 1488 1008 1567 Campaniae
1025 1490 1152 1550 insulam

113 1583 217 1652 sponte
233 1576 359 1634 nascitur
375 1575 463 1651 louge
478 1584 625 1653 optumum
639 1576 826 1634 existimatur.
851 1574 1032 1634 hortensium
1048 1575 1122 1635 seri·

113 1666 158 1717 tur
180 1661 328 1736 spongeis.
360 1667 404 1717 est
420 1659 493 1717 enim
510 1658 658 1736 plurumae
674 1659 779 1718 radicis
797 1658 995 1735 altissimeque
1013 1659 1121 1735 germi-

112 1749 169 1800 nat.
193 1743 267 1801 viret
282 1741 382 1816 thyrso
398 1743 518 1819 primum
535 1743 687 1816 emicante,
704 1743 751 1819 qui
769 1742 882 1802 caulem
900 1741 1031 1801 educens
1048 1752 1121 1803 tem·

113 1842 186 1903 pore
206 1827 270 1902 ipso
293 1824 445 1901 fastigatus
461 1826 490 1884 iu
504 1835 585 1884 toros
603 1827 728 1885 striatur.
759 1834 857 1904 potest
874 1834 903 1884 et
919 1825 1031 1886 semine
1049 1826 1120 1886 seri.

73 1918 122 1973 147
133 1905 210 1967 Nihil
237 1908 401 1984 diligentius
428 1909 637 1986 conprehendit
661 1905 749 1984 Cato,
779 1910 1025 1985 novissimumque
1053 1904 1153 1970 libricc

115 2000 176 2067 est,
204 2000 233 2050 ut
263 1991 400 2069 adpareat
421 2002 571 2070 repentem
592 2010 627 2052 ac
648 1993 789 2054 noviciam
810 1995 872 2052 viro
895 2009 992 2052 curam
1013 1992 1121 2053 inisse.

115 2075 212 2134 locum
231 2074 325 2153 subigi
342 2074 422 2136 iubet
437 2076 560 2137 umidum
576 2085 623 2136 aut
639 2094 781 2156 crassum,
805 2075 975 2154 semipedali
991 2077 1122 2155 undique

113 2160 267 2220 intervallo
288 2161 361 2236 seri,
384 2180 421 2221 ne
443 2160 589 2237 calcetur,
613 2170 767 2239 praeterea
783 2161 818 2221 ad
833 2160 928 2220 liniam
944 2177 1037 2236 grana
1053 2160 1123 2222 bina

114 2253 161 2303 aut
184 2254 264 2304 torna
281 2246 390 2323 paxillo
408 2246 574 2308 demitti-
591 2245 730 2306 videlicet
746 2246 855 2304 semine
872 2254 929 2304 tum
946 2252 1058 2303 tantum
1075 2264 1122 2305 se·

73 2336 123 2390 148
134 2327 269 2387 rebantur
282 2363 334 2402 —-,
354 2328 381 2387 id
402 2329 464 2388 lieri
483 2329 641 2390 secundum
656 2329 867 2409 aequinoctium
882 2344 1011 2388 vernum.
1044 2336 1153 2389 ster-a

117 2429 186 2471 core
202 2412 315 2486 satiari,
339 2410 444 2470 crebro
461 2415 593 2490 purgari,
611 2414 709 2472 caveri
725 2432 761 2473 ne
778 2431 842 2472 cum
857 2411 957 2472 herbis
973 2411 1123 2473 evellatur

114 2512 283 2571 asparagus.
316 2495 408 2572 primo
432 2513 505 2555 anno
529 2506 686 2556 stramento
708 2496 743 2556 ab
766 2497 861 2557 hieme
882 2495 1012 2575 protegi,
1047 2514 1122 2557 vere

114 2577 236 2654 aperiri,
258 2578 358 2654 sariri,
382 2580 513 2654 runcari,
538 2581 624 2639 tertio
644 2581 759 2641 incendi
776 2597 878 2640 verno.
904 2595 961 2658 quo
979 2581 1122 2640 maturius

113 2660 249 2719 incensus
266 2670 310 2720 est
324 2659 384 2722 hoc
395 2663 498 2722 melius
509 2665 652 2741 provenit.
667 2666 765 2742 itaque
778 2663 972 2724 harundinetis
984 2680 1121 2724 maxume

114 2744 248 2802 convenit
269 2762 344 2822 quae
364 2746 499 2805 festinant
520 2746 644 2807 incendi.
673 2749 755 2807 sariri
777 2747 855 2808 iubet
871 2747 946 2806 idem
964 2763 1024 2806 non
1039 2758 1152 2809 ante-tt

114 2844 197 2904 quam
213 2845 371 2906 asparagus
387 2837 468 2888 natus
483 2829 579 2905 luerit,
594 2849 631 2890 ne
647 2830 675 2889 iu
690 2831 825 2892 sariendo
836 2831 950 2895 radices
962 2843 1120 2892 vexentur.

72 2919 173 2973 149ex
199 2928 235 2970 eo
263 2911 333 2971 velli
356 2929 529 2991 asparagum
551 2914 587 2973 ab
611 2914 710 2974 radice
731 2934 856 2977 —nam
879 2916 904 2975 si
925 2914 1121 2993 delriugatur,

114 2996 293 3073 stirpescere
318 3005 346 3055 et
366 2997 515 3056 intermori
528 3031 585 3074 —,
604 2998 689 3074 velli,
717 2999 812 3060 donec
832 3001 860 3059 iu
881 3016 981 3059 semen
1002 3009 1063 3059 eat.
1092 3000 1122 3060 id

114 3087 208 3138 autem
224 3089 422 3140 maturescere
439 3080 475 3140 ad
491 3099 560 3157 ver,
582 3082 771 3161 incendique,
794 3103 830 3145 ac
844 3100 960 3159 rursus,
987 3101 1054 3144 cum
1069 3085 1121 3147 ad·

113 3163 240 3240 paruerit
261 3180 436 3242 asparagus,
462 3166 544 3225 sariri
565 3183 600 3225 ac
620 3169 786 3228 stercorari.
813 3187 848 3229 ac
866 3176 933 3246 post
951 3183 1045 3227 annos
1068 3182 1152 3230 uota

113 3263 194 3321 vem,
220 3265 284 3306 cum
307 3249 361 3309 iam
377 3256 460 3308 vetus
475 3251 526 3324 sit,
550 3250 642 3327 digeri
657 3251 777 3312 subacto
794 3260 1036 3330 stercoratoque,
1060 3263 1121 3315 turn

114 3333 253 3409 spongeis
274 3333 349 3407 seri,
371 3333 549 3410 singulorum
572 3334 675 3411 pedum
696 3335 859 3396 intervallo.
893 3337 960 3414 quin
976 3344 1006 3394 et
1023 3339 1120 3400 ovillo

72 3423 122 3499 150
134 3413 199 3474 limo
216 3417 380 3476 nominatim
397 3419 447 3495 uti,
467 3417 600 3496 quoniam
616 3418 691 3479 aliud
709 3418 815 3479 herbas
832 3427 922 3479 creet.
953 3417 1018 3480 Nec
1036 3425 1120 3502 quic·
