2422 3840
153 168 214 228 272
475 179 506 227 c.
523 179 619 229 curru
635 178 785 227 succum

152 352 240 414 pora,
263 343 293 394 ut
314 334 377 394 aliis
399 334 492 412 prosit
515 331 591 393 aliud
616 332 695 393 horis
717 333 838 410 diesque
861 331 955 391 nullus
979 349 1075 409 prope
1097 334 1163 392 sine

152 418 304 496 praesidiis
319 419 492 495 reperiatur.

107 510 140 564 dl
218 502 266 562 13.
290 499 373 580 (15.)
395 500 493 560 Urtica
512 499 578 577 quid
597 517 665 559 esse
681 501 799 558 invisius
815 496 933 577 potest?
955 507 984 557 at
998 497 1049 557 illa
1073 516 1162 576 prae·

109 603 137 646 m,
147 603 172 637 so
182 593 227 643 ter
255 583 355 657 oleum
373 584 450 663 quod
475 586 503 643 in
519 587 656 660 Aegypto
679 601 768 643 exea
792 583 854 642 lieri
878 582 1000 641 diximus
1021 581 1071 640 vel
1094 582 1160 659 plu-

149 668 235 726 rumis
258 675 351 728 scatet
374 668 521 727 remediis.
553 684 654 725 semen
674 668 737 727 eius
759 668 872 726 cicutae
896 665 1072 725 contrarium
1088 683 1184 725 esses

149 749 294 811 Nicander
315 751 459 826 adfirmat,
480 753 548 811 item
571 751 666 826 iungis
689 759 717 809 et
738 759 859 826 argento
880 749 963 824 vivo,
991 748 1159 826 Apollodo-

149 853 199 893 rus
226 843 256 894 et
277 834 463 894 salamandris
479 852 543 894 cum
569 836 631 892 iure
653 843 756 894 coctae
776 833 943 907 testudinis,
966 834 1033 891 item
1053 831 1160 892 adver·

150 920 207 978 sari
221 918 399 993 hyoscyamo
414 927 443 976 et
457 916 642 996 serpentibus
661 927 690 977 et
706 916 918 994 scorpionibus.
944 916 1010 993 quin
1025 915 1091 992 ipsa
1108 916 1160 976 illa

151 1002 306 1061 amaritudo
331 1000 452 1061 mordax
469 1019 539 1060 uvas
560 1002 588 1060 in
615 1016 667 1060 ore
690 1001 926 1079 procidentisque
941 999 1044 1058 volvas
1064 1008 1093 1057 et
1117 1001 1158 1058 iu·

150 1083 267 1144 fantium
295 1084 381 1143 sedes
407 1092 485 1144 tactu
509 1083 625 1143 resilire
654 1085 749 1161 cogit,
780 1083 958 1158 lethargicos
987 1084 1159 1158 expergisci
1168 1099 1190 1140 so

107 1168 238 1229 attactis
256 1166 388 1226 cruribus
409 1169 559 1244 magisque
582 1166 686 1226 ironte.
726 1166 827 1226 eadem
844 1167 923 1226 carris
945 1165 1090 1224 morsibus
1110 1166 1160 1225 ad·

150 1249 209 1308 dito
234 1249 296 1309 sale
317 1251 466 1326 medetur,
499 1251 667 1328 sanguinem
689 1252 754 1309 trita
777 1250 893 1310 naribus
921 1248 1009 1308 indita
1030 1251 1108 1308 sistit
1130 1259 1159 1309 et

150 1333 242 1408 magis
257 1333 366 1392 radice.
398 1335 591 1394 carcinomata
613 1344 642 1393 et
662 1334 778 1394 sordida
804 1334 903 1393 ulcera
927 1332 990 1392 sale
1016 1332 1157 1407 admixto,

150 1418 219 1475 item
239 1415 336 1476 luxata
354 1426 436 1477 sanat
457 1427 486 1476 et
507 1434 616 1495 panos,
637 1418 785 1495 parotidas
808 1418 961 1494 carnisque
984 1415 1019 1475 ab
1039 1417 1157 1476 ossibus

148 1499 324 1559 recedentis.
362 1519 463 1560 semen
494 1511 592 1579 potum
628 1518 691 1559 curn
720 1518 790 1577 sapa
819 1500 935 1560 volvam
965 1499 1157 1575 strangulatis
1166 1515 1188 1556 tt

149 1584 261 1659 aperit,
293 1584 436 1662 profluvia
467 1586 576 1644 narium
609 1585 683 1643 sistit
712 1585 876 1662 inpositum.
926 1583 1102 1642 vomitiones
1129 1585 1158 1642 in

151 1683 224 1742 aqua
245 1666 337 1726 mulsa
358 1676 498 1745 sumptum
520 1685 536 1727 a
559 1684 631 1727 cena
653 1667 748 1726 facilis
764 1675 894 1745 praestat
909 1665 1021 1725 duobus
1045 1665 1155 1742 obolis,

107 1757 209 1812 liliano
232 1759 327 1809 autem
352 1751 381 1808 in
400 1753 468 1810 vino
491 1759 562 1828 poto
584 1750 769 1811 lassitudines
793 1759 918 1810 recreat.
951 1749 1059 1808 volvae
1078 1751 1157 1810 vitiis

149 1841 255 1892 tostum
281 1833 424 1893 acetabuli
446 1852 580 1893 mensura
611 1842 710 1911 potum
732 1835 760 1891 in
788 1852 858 1911 sapa
881 1835 991 1893 resistit
1012 1834 1157 1893 stomachi

149 1915 352 1976 inflationibus.
394 1915 593 1994 orthopnoicis
614 1917 735 1995 prodest
756 1935 820 1975 cum
841 1917 928 1977 melle
950 1926 980 1977 et
1003 1916 1189 1978 thoracemao

150 2006 254 2076 purgat
272 1998 376 2057 eodem
398 1998 552 2074 ecligmate
576 2009 605 2058 et
621 2000 706 2059 lateri
726 1998 858 2060 medetur
880 2019 943 2060 curn
964 2001 1076 2058 semine
1094 2001 1156 2061 lini.

150 2080 255 2139 addunt
269 2081 412 2160 hysopum
428 2091 457 2142 et
472 2083 583 2161 piperis
600 2082 717 2160 aliquid.
750 2084 876 2144 inlinitur
897 2085 982 2159 lieni,
1005 2083 1158 2144 difficilem

106 2171 282 2226 34ventrem
303 2174 410 2225 tostum
436 2166 503 2226 cibo
529 2166 649 2226 emollit.
681 2166 876 2245 Hippocrates
898 2168 1012 2227 volvam
1035 2169 1157 2245 purgari

149 2255 220 2325 poto
238 2265 274 2307 eo
296 2252 475 2326 pronuntiat,
501 2250 604 2310 dolore
624 2249 716 2310 levari
737 2259 815 2309 tosto
838 2249 984 2311 acetabuli
1007 2268 1155 2325 mensura,

149 2331 226 2392 dulci
248 2341 318 2411 poto
341 2343 370 2392 et
393 2335 520 2411 inposito
543 2350 607 2393 cum
628 2351 699 2392 suco
725 2334 845 2394 malvae.
878 2335 1081 2394 intestinorum
1097 2336 1187 2394 ani-²⁵

148 2415 233 2474 malia
249 2415 320 2492 pelli
335 2432 399 2475 cum
413 2415 606 2489 hydromelite
622 2425 651 2476 et
666 2417 745 2490 sale,
770 2417 893 2477 defluvia
916 2418 1018 2494 capitis
1042 2420 1156 2477 semine

148 2497 228 2556 inlito
246 2497 441 2558 cohonestari.
481 2500 651 2559 articulariis
667 2499 775 2559 morbis
798 2510 827 2559 et
844 2501 1012 2578 podagricis
1029 2501 1157 2578 plurumi

149 2597 211 2637 curn
229 2579 298 2639 oleo
321 2590 422 2641 vetere
446 2592 494 2642 aut
514 2583 584 2642 lolia
605 2600 668 2641 cum
689 2586 786 2642 ursino
803 2583 887 2662 adipe
909 2585 975 2642 trita
1002 2584 1155 2661 inponunt.

148 2661 183 2720 ad
200 2661 301 2721 eadem
315 2665 398 2723 radix
412 2674 495 2726 tunsa
512 2683 575 2725 cunr
588 2676 674 2726 aceto
692 2684 750 2726 non
766 2669 857 2726 minus
872 2667 966 2741 utilis,
988 2667 1059 2725 item
1075 2667 1156 2746 lieni,

149 2752 178 2803 et
194 2751 277 2804 cocta
304 2747 332 2804 in
356 2748 424 2805 vino
449 2748 566 2808 discutit
592 2766 684 2827 panos
709 2769 774 2809 cum
796 2752 919 2826 axungia
939 2759 1043 2810 vetere
1065 2752 1187 2812 salsaso

105 2828 252 2890 thetidem
279 2829 431 2905 psilotrum
461 2839 506 2890 est
536 2833 624 2892 sicca.
656 2831 791 2892 Condidit
815 2833 917 2894 laudes
945 2835 1007 2893 eius
1029 2833 1156 2895 Phanias

148 2910 302 2990 physicus,
321 2912 500 2974 utilissimam
522 2914 594 2974 cibis
612 2923 725 2977 coctam
741 2917 922 2977 conditamve
937 2915 1095 2995 professus
1111 2937 1156 2979 ar·

148 2996 253 3070 terias,
277 2996 367 3069 tussi,
389 2998 499 3056 ventris
519 2998 720 3077 destillationi,
743 3000 1038 3078 stomacho,·panis,
1066 3018 1156 3079 paro·

148 3076 269 3152 tidibus,
293 3079 496 3158 pernionibus,
518 3100 582 3142 cum
603 3084 672 3143 oleo
691 3086 841 3160 sudorem,
866 3092 980 3143 coctam
999 3100 1066 3143 curn
1084 3103 1155 3146 con·

148 3159 252 3234 chyliis
268 3165 346 3222 ciere
360 3162 473 3239 alvom,
491 3183 554 3225 curn
572 3167 663 3227 tisana
680 3177 781 3246 pectus
799 3185 923 3245 purgare
939 3168 1188 3248 mulierumquea

104 3251 139 3306 36
149 3263 281 3321 menses,
304 3264 367 3306 cum
381 3246 444 3306 sale
461 3248 561 3309 ulcera
577 3268 651 3328 quae
667 3259 784 3329 serpant
800 3251 948 3311 cohibere.
983 3251 1063 3311 Suco
1081 3270 1156 3330 quo·

147 3348 204 3407 que
227 3331 256 3388 in
276 3348 329 3390 usu
352 3339 406 3390 est.
441 3349 600 3409 expressus
619 3335 715 3394 inlitus
740 3334 827 3393 fronti
849 3335 1017 3412 sanguinem
1039 3338 1156 3397 narium

136 3415 227 3495 sistit,
247 3424 339 3496 potus
355 3415 465 3477 urinam
480 3417 555 3495 ciet,
573 3417 702 3478 calculos
718 3418 833 3495 rumpit,
850 3435 935 3477 uvam
949 3420 1156 3495 gargarizatus
