2422 3840
149 193 210 256 182
478 202 508 248 c.
527 201 623 248 annu
640 200 790 249 sacurem

148 362 243 421 datum
260 376 275 416 a
294 356 431 416 Cornelio
452 353 586 432 Cethego
607 356 635 414 io
657 355 807 414 consulatu
830 355 946 433 collega
969 356 1069 430 Quinti
1089 357 1158 419 Fla-

149 444 244 503 minim
262 441 383 500 comitiis
397 440 532 517 peractis.
561 439 683 499 amicitia
695 439 722 498 ei
735 456 799 497 cum
810 438 865 498 lico
878 449 996 516 tantum,
1012 459 1159 520 nusquam

107 538 155 593 157
163 527 266 585 laetior
281 524 415 603 provenit
427 541 511 601 quam
523 521 576 581 sub
591 522 646 582 hac
658 521 774 584 arbore.
792 525 897 582 seritur
909 532 938 583 et
949 525 1083 601 surculo,
1096 544 1158 586 me·

147 612 202 671 lius
221 609 249 666 in
264 607 441 687 perforatam
456 605 551 666 iaham
567 607 668 680 indito,
686 623 761 684 quae
778 623 849 665 suco
866 609 953 666 nutrit
969 610 1158 687 conprehen-

147 692 242 754 dendo
265 692 419 751 surculum.
452 692 523 750 serit
545 699 574 751 et
596 708 628 748 se
654 691 734 767 ipsa,
774 707 896 768 namque
923 693 1078 752 incurvato
1108 707 1180 754 oar-t

148 778 260 837 cumino
276 777 398 836 alicuius
412 775 494 850 rami,
511 793 575 834 cum
591 775 717 851 attigerit
736 782 857 850 terram,
882 776 978 834 statim
992 776 1156 837 radicatur.

147 860 257 920 Eadem
273 869 303 919 et
318 860 413 919 ocImo
432 868 542 932 natura,
561 860 616 917 nisi
634 859 710 936 quod
727 856 872 918 difficilius
888 861 1004 918 arescit.
1032 861 1089 921 sed
1106 860 1157 921 du·

146 953 207 1005 rata
221 936 358 1003 runcatur
370 960 427 1001 non
441 943 504 1002 siue
522 942 692 1002 difficultate
704 942 850 1019 pruritivis
869 942 1032 1019 ulceribus,
1049 946 1080 1004 ui
1095 962 1157 1004 ruu-

146 1029 212 1088 nitis
227 1027 356 1086 manibus
371 1027 398 1085 id
416 1026 464 1085 liat
480 1025 587 1085 oleove
600 1024 739 1084 delensis.
768 1025 926 1085 conduntur
936 1035 1033 1086 autem
1046 1037 1077 1088 et
1093 1030 1158 1089 eius

146 1111 217 1170 lolia
232 1118 441 1188 servanturque
459 1109 617 1168 fasciculis.
1165 1117 1186 1161 n

105 1206 155 1259 158
220 1194 304 1271 (46.)
325 1191 371 1252 Ab
397 1193 582 1271 aequinoctio
602 1208 693 1252 verno
712 1193 818 1252 seritur
839 1194 934 1271 apium
949 1195 1063 1255 semine
1084 1214 1156 1274 pau·

147 1279 204 1338 lum
221 1277 323 1355 iopila
341 1277 468 1354 pulsato.
499 1277 622 1354 crispius
638 1278 681 1336 sic
697 1285 796 1355 putant
811 1277 874 1336 lieri
887 1286 933 1337 aut
945 1279 971 1337 si
986 1288 1083 1339 saturn
1095 1280 1157 1340 eal·

146 1371 228 1421 cetur
248 1360 378 1436 cylindro
396 1360 568 1439 pedibusve.
600 1361 749 1439 proprium
765 1361 792 1420 ei
812 1361 888 1440 quod
906 1362 1038 1421 colorem
1054 1371 1155 1424 mutat.

145 1446 238 1505 honos
256 1447 284 1504 in
302 1443 411 1505 hohan
429 1461 571 1504 coronare
587 1445 717 1504 victores
737 1446 813 1505 sacri
831 1446 995 1504 certaminis
1010 1445 1156 1510 Nemeac.

104 1539 154 1593 159
225 1531 308 1608 (47.)
332 1529 443 1588 Eodem
458 1538 591 1606 tempore
611 1530 717 1587 seritur
732 1537 826 1588 menta
842 1528 938 1607 planta
953 1529 1018 1605 vel,
1040 1533 1066 1591 si
1083 1540 1186 1591 uon-¹⁸

144 1615 209 1674 dum
224 1615 376 1690 germinat,
394 1629 534 1691 spongea.
563 1631 625 1673 nort
637 1613 729 1672 minus
749 1613 823 1673 haec
843 1612 938 1672 umido
953 1613 1074 1690 gaudet.
1107 1633 1156 1676 aa·

146 1706 220 1758 state
236 1699 321 1771 viret,
338 1697 432 1756 hieme
447 1696 587 1755 flavescit.
622 1695 718 1756 Genus
731 1699 792 1756 eius
805 1696 941 1756 silvestre
952 1707 1155 1759 mentastrum.

146 1800 183 1841 ex
194 1782 250 1840 hoc
266 1788 443 1857 propagatur
458 1787 488 1837 ut
502 1780 579 1853 vitis,
596 1779 644 1838 vel
662 1780 686 1837 si
702 1781 808 1841 inversi
821 1781 891 1841 rami
902 1790 1045 1840 serantur.
1073 1780 1156 1843 Heu·

144 1873 191 1923 tae
208 1881 312 1922 nomen
329 1863 454 1921 suavitas
474 1862 572 1920 odoris
590 1862 666 1939 apud
682 1862 812 1924 Graecos
831 1866 965 1940 mutavit,
991 1882 1058 1925 cum
1080 1866 1155 1928 alio·

146 1949 193 2025 qul
211 1946 316 2005 mintha
331 1955 502 2023 vocaretur,
520 1946 596 2006 uude
611 1956 730 2006 veteres
744 1949 835 2008 nostri
855 1965 960 2008 nomen
981 1949 1186 2011 declinavero

104 2041 154 2093 160
162 2039 235 2088 runt.
268 2029 354 2088 Grato
370 2037 464 2088 menta
479 2036 594 2089 mensas
616 2031 708 2090 odore
732 2033 875 2109 percurrit
890 2032 919 2090 in
936 2034 1054 2093 rusticis
1073 2035 1156 2113 dapi-

145 2111 207 2172 bus.
225 2112 316 2172 semel
328 2120 390 2172 sata
404 2113 509 2172 diutina
521 2122 617 2173 aetate
629 2114 720 2174 durat·
740 2116 872 2192 congruit
884 2115 994 2194 puleio,
1008 2119 1094 2178 cuius
1105 2136 1156 2179 ua-

104 2197 133 2279 ,3-
145 2196 180 2273 {li
192 2207 255 2258 tura
267 2197 295 2255 in
308 2197 444 2256 carnariis
461 2196 656 2267 reflorescens
676 2201 791 2278 saepius
806 2198 882 2259 dicta
900 2208 966 2259 est.¹
988 2199 1066 2262 haec
1082 2220 1156 2280 quo

146 2301 202 2362 que
219 2291 371 2342 servantur
386 2281 470 2340 simili
487 2299 614 2358 genere,
628 2291 751 2343 mentam
766 2283 832 2343 dico
847 2282 1034 2362 puleiumque
1056 2294 1087 2345 et
1104 2303 1156 2347 ne·

146 2377 250 2447 petam.
285 2367 532 2427 condimentorum
547 2374 641 2425 tameo
657 2367 780 2425 omnium
801 2383 895 2444 aquae
916 2366 1042 2427 fastidiis
1065 2371 1185 2430 cumi-²⁵

103 2464 226 2516 ldlnum
244 2451 454 2511 amicissimum.
480 2449 608 2508 nascitur
623 2451 652 2509 io
667 2468 775 2510 summa
790 2450 896 2510 tellure
913 2451 962 2510 vix
978 2450 1110 2513 haerens
1127 2462 1157 2515 et

144 2537 173 2593 in
189 2533 311 2593 sublime
329 2533 461 2594 tendens.
484 2533 512 2591 in
525 2532 655 2611 putribus
669 2543 697 2592 et
709 2534 810 2594 calidis
822 2552 953 2594 maxume
966 2533 1043 2594 locis
1055 2537 1156 2597 medio

144 2617 298 2677 serendum
313 2635 395 2675 vere.
425 2617 547 2676 alterum
564 2617 626 2676 eius
642 2635 735 2694 genus
751 2618 904 2693 silvestre,
920 2617 999 2696 quod
1012 2621 1156 2682 rusticum

144 2710 264 2774 vocant,
289 2700 336 2758 alii
353 2699 544 2774 Thebaicum,
568 2699 592 2757 si
608 2701 703 2759 tritum
722 2720 759 2760 ex
779 2719 853 2780 aqua
869 2710 986 2778 potetur
1001 2703 1032 2762 iu
1048 2703 1156 2764 doloro

144 2783 294 2842 stomachi.
322 2783 351 2839 in
366 2779 538 2858 Carpetania
553 2785 644 2842 nostri
662 2784 742 2844 orbis
758 2802 889 2844 maxume
905 2785 1056 2864 laudatur,
1081 2788 1184 2849 alio-tl

44 2881 47 2886 ·
144 2868 192 2946 qui
209 2866 383 2943 Aethiopico
396 2862 557 2942 Africoque
574 2866 668 2943 palma
685 2877 738 2927 est.
765 2869 878 2946 quidam
893 2869 960 2930 huic
972 2868 1155 2951 Aegyptium

140 2951 317 3029 praeierunt.
1109 2956 1121 2967 '

102 3045 152 3098 162
220 3033 303 3112 (48.)
321 3031 379 3092 Sed
393 3034 551 3112 praecipue
566 3033 722 3094 olusatrum
733 3035 822 3096 mirae
834 3044 954 3096 naturae
966 3046 1022 3097 est.
1046 3037 1155 3120 hippo·

143 3117 265 3176 selinum
287 3116 391 3177 Graeci
412 3125 536 3190 vocant,
558 3118 606 3178 alii
626 3121 791 3194 zmyrnium.
826 3120 977 3200 elacrima
997 3121 1093 3182 caulis
1110 3125 1156 3183 sui

142 3202 278 3261 nascitur.
309 3202 413 3260 seritur
432 3211 460 3260 et
479 3202 587 3262 radice.
628 3221 727 3263 sucum
749 3204 811 3264 eius
835 3205 884 3281 qui
910 3204 1052 3281 colligunt
1075 3224 1184 3268 mur-n

144 3304 194 3345 rae
211 3302 346 3363 saporem
361 3285 469 3345 hahere
486 3287 593 3362 dicunt,
612 3296 772 3366 auctorque
785 3296 831 3348 ost
843 3286 1064 3366 Theophrastus
1076 3309 1154 3353 mur-

102 3379 190 3433 163ra
207 3379 268 3432 sata
286 3379 390 3430 natum.
422 3369 643 3448 llipposelioum
662 3382 781 3431 veteres
797 3381 1012 3450 praeceperant
1028 3373 1058 3432 in
1077 3375 1155 3438 loois

133 3455 269 3532 rhcultis,
296 3454 439 3535 lapidosis
462 3455 540 3516 iuxta
561 3456 715 3516 maceriam
737 3455 805 3516 seri.
835 3472 910 3516 ouoc
926 3464 956 3516 et
969 3460 1155 3536 repastinato
