2422 3840
345 189 426 236 unu.
443 187 535 235 rursu.
550 188 610 235 xx.
630 187 655 238 1.
669 184 695 236 2.
710 171 825 258 (1-6.)
1036 174 1096 238 189

92 342 248 422 provenire
266 341 460 419 magnitudine
476 342 557 401 nucis
572 341 726 418 iuglandis,
743 343 852 402 semina
867 351 962 402 autem
977 361 1045 402 esse
1061 343 1096 403 ad

92 426 223 503 speciem
248 427 434 503 scorpionum
459 426 569 485 caudae
592 424 721 498 reflexa,
749 427 803 487 sed
829 425 960 486 candida.
1005 426 1094 506 aliqui
1122 437 1140 491 8

93 510 178 568 etiam
193 509 389 586 scorpionium
406 509 545 568 cucumim
559 518 666 568 vocant
683 509 888 570 efficacissimo
901 518 1002 570 contra
1013 527 1094 570 soor-

93 593 209 670 pionum
223 593 297 651 ictus
315 602 345 653 et
359 593 469 651 semine
486 601 515 651 et
530 591 670 667 elaterio,
683 602 712 652 et
727 593 763 652 ad
779 593 956 670 purgandam
972 603 1095 673 utroque

67 675 198 736 salvom.
235 675 337 735 modus
356 676 490 754 portione
505 674 606 734 virium
623 675 659 735 ab
674 676 789 735 dimidio
806 675 895 736 obolo
911 677 946 736 ad
962 677 1094 756 solidum,

93 759 241 836 copiosius
254 767 348 818 necat.
362 758 406 816 sic
419 766 447 817 et
459 766 558 817 contra
571 758 748 835 phthiriasim
759 758 865 819 bibitur
878 759 1094 838 ethydropicis.

92 842 202 901 inlitum
217 843 336 917 anginas
352 850 381 900 et
394 842 515 901 arterias
532 858 596 917 cum
610 840 698 900 melle
715 850 744 900 et
759 842 826 901 oleo
845 850 949 901 vetere
965 852 1055 903 sanat.

156 926 185 984 2.
208 924 272 1004 (4.)
299 922 381 985 blulti
395 924 470 985 hunc
487 941 555 983 esse
573 925 649 1002 apud
665 941 719 983 nos
741 926 789 1003 qui
804 927 946 1002 anguinus
961 934 1094 1003 vocetur,
1122 939 1139 993 9

93 1025 128 1067 ac
143 1008 208 1067 aliis
223 1007 381 1084 erraticus,
397 1008 586 1082 arbitrantur,
603 1024 660 1084 quo
672 1008 798 1068 decocto
807 1009 914 1086 'sparsa
926 1026 1023 1068 mures
1039 1027 1096 1069 non

57 1091 242 1168 roattingout.
277 1090 362 1151 iidem
384 1091 523 1170 podagris
540 1109 604 1150 eum
619 1099 649 1150 et
665 1091 866 1152 articularibus
883 1092 991 1153 morbis
1006 1093 1094 1153 deco·

92 1183 168 1234 ctum
188 1176 217 1234 in
239 1184 364 1236 acetum.
379 1175 498 1235 inlinunt
522 1184 736 1253 praesentaneo
757 1175 904 1251 remedio,
934 1175 1094 1237 lumborum

91 1275 163 1318 vero
181 1258 302 1319 dolores
317 1259 427 1318 semine
442 1258 508 1318 sole
525 1259 654 1333 siccato,
670 1259 737 1318 dein
752 1261 837 1334 trito,
858 1274 907 1320 xx
920 1259 948 1320 X
962 1261 1093 1338 pondere

91 1343 120 1401 in
138 1342 251 1403 hemina
269 1342 336 1401 dato
352 1358 445 1419 aquae
460 1349 553 1415 sanat,
569 1350 697 1401 tumores
714 1342 826 1403 subitos
842 1344 923 1403 inlito
939 1361 1003 1403 cum
1018 1344 1094 1405 lacta

92 1425 252 1484 mulierum.
285 1433 390 1503 purgat
405 1441 456 1483 eas
473 1424 639 1500 elateririm,
655 1425 707 1486 sed
722 1427 852 1502 gravidis
867 1425 998 1486 abortum
1014 1427 1093 1488 iacit.

57 1529 82 1570 rc
92 1508 260 1584 suspiriosis
282 1507 418 1585 prodest,
444 1506 547 1567 morbo
572 1524 646 1567 vero
673 1510 757 1585 regio
782 1510 811 1568 in
836 1510 914 1569 naris
941 1511 1093 1570 coiectum.

92 1591 248 1667 lentigines
264 1608 299 1650 ac
314 1590 441 1650 maculas
460 1609 476 1650 e
492 1589 569 1650 iacis
583 1590 660 1651 tollit
673 1592 701 1650 in
716 1592 780 1651 sole
797 1593 917 1652 inlitum.

156 1675 219 1754 (5.)
242 1673 323 1733 ltlulti
346 1671 448 1734 eadem
468 1676 560 1734 omnia
576 1676 676 1735 satiris
691 1675 866 1752 attribuunt,
891 1677 987 1753 magni
1007 1679 1135 1742 etiamro

91 1757 155 1816 sine
167 1756 202 1816 iis
220 1758 363 1817 momenti.
388 1775 512 1836 namque
528 1767 557 1817 et
572 1777 672 1819 eorum
683 1778 783 1819 semen
795 1768 929 1839 quantum
942 1769 1002 1820 tres
1013 1762 1093 1838 digiti

92 1840 335 1919 adprehenderint
350 1859 414 1901 cum
429 1842 542 1902 cumino
558 1843 653 1902 tritum
670 1851 826 1922 potumque
842 1845 870 1903 in
888 1845 954 1903 vino
970 1845 1092 1906 tussien-

56 1945 83 1987 ro
92 1923 169 1986 tibus
184 1926 353 2001 auxiliatur,
369 1933 398 1984 et
409 1925 585 2003 phreneticis
603 1927 632 1986 in
646 1927 723 1988 lacte
737 1928 877 2003 mulieris,
895 1937 924 1987 et
938 1929 1092 2004 dysinteri·
1186 1921 1193 1934 ⁸

91 2010 133 2069 cis
148 2009 293 2072 acetabuli
307 2027 452 2084 mensura,
469 2010 622 2088 purulenta
636 2020 731 2071 autem
747 2013 955 2091 exspuentibus
970 2031 1033 2073 cum
1045 2030 1093 2074 cu·

90 2093 166 2152 mino
183 2095 245 2172 pari
261 2092 408 2170 pondere,
430 2101 458 2151 et
478 2095 616 2153 iocineris
630 2095 706 2154 vitiis
720 2097 749 2154 in
764 2114 838 2174 aqua
853 2095 954 2156 mulsa.
984 2098 1093 2157 urinam

68 2213 70 2216 >
90 2185 189 2235 movet
209 2194 247 2235 ex
267 2176 333 2234 vino
355 2175 449 2250 dulci,
472 2186 501 2235 et
520 2177 548 2234 in
565 2176 675 2237 renium
696 2177 800 2238 dolore
817 2179 992 2253 clysteribus
1009 2181 1093 2240 simul

93 2275 156 2317 cum
173 2260 284 2318 cumino
300 2258 464 2318 infunditur.
712 2257 720 2271 ⁸

56 2361 82 2402 at
155 2342 225 2422 (6.),
242 2341 297 2415 oui
320 2358 451 2420 pepones
470 2350 611 2402 vocantur
636 2342 811 2419 refrigerant
831 2360 962 2403 maxume
982 2345 1010 2403 in
1025 2345 1091 2406 cibo
1101 2356 1131 2408 ll

92 2434 121 2485 et
136 2427 285 2486 emolliunt
299 2426 404 2486 alvom.
438 2443 507 2486 caro
523 2443 624 2486 eorum
641 2426 790 2505 epiphoris
807 2425 957 2487 oculorum
975 2437 1023 2488 aut
1039 2428 1093 2488 do-

90 2508 201 2569 loribus
230 2510 383 2588 inponitur.
427 2510 510 2570 radix
530 2519 612 2570 sanat
636 2510 735 2570 ulcera
763 2518 900 2572 concreta
925 2514 954 2572 in
979 2512 1092 2572 modum

90 2591 160 2667 lavi,
178 2611 252 2671 quae
268 2594 347 2653 ceria
361 2597 477 2652 v‘ocant.
508 2594 610 2653 eadem
626 2594 768 2654 contrahit
785 2595 966 2655 vomitiones.
1000 2598 1091 2658 sicca·

91 2683 146 2751 tur,
164 2675 193 2733 in
207 2675 326 2735 farinam
341 2684 425 2737 tunsa
442 2676 525 2736 datur
539 2685 674 2755 quattuor
689 2676 784 2737 obolis
799 2679 826 2737 in
844 2696 917 2758 aqua
930 2681 1038 2756 mulsa,
1053 2683 1093 2741 ita

55 2766 121 2818 eout
135 2759 184 2836 qui
198 2757 305 2818 biberit
320 2760 492 2838 quingentos
508 2777 612 2838 passus
629 2770 731 2840 postea
746 2762 882 2823 ambulet.
913 2764 986 2824 haec
1000 2762 1093 2825 farina

92 2849 122 2901 et
141 2843 170 2900 in
192 2852 349 2920 smegmata
369 2844 500 2904 adicitur.
532 2854 635 2906 cortex
652 2863 769 2925 quoque
783 2848 968 2907 vomitionem
983 2857 1135 2929 moret,12

90 2925 196 2986 faciem
216 2934 329 3004 purgat.
363 2927 467 2988 boeot
486 2928 558 2990 folia
583 2931 789 3009 cuiuscumque
812 2931 896 2991 sativi
916 2931 1005 2991 inlita.
1044 2949 1091 2991 ea·

91 3008 156 3070 dem
172 3028 236 3070 cum
251 3011 339 3070 melle
355 3020 384 3071 et
395 3012 576 3091 epinyctidas
587 3023 703 3089 sanant,
720 3031 784 3074 com
796 3015 862 3073 vino
875 3016 954 3075 canis
967 3030 1090 3090 morsus,

90 3094 158 3153 item
174 3094 365 3172 multipedae,
380 3127 422 3138 —-
441 3114 514 3174 sepa
529 3095 633 3158 Graeci
648 3106 772 3173 vocant,
794 3097 968 3176 oblongam,
989 3099 1092 3176 pilosis

55 3177 232 3256 etpedibus,
250 3180 351 3257 pecori
367 3180 524 3258 praecipue
539 3181 680 3241 nocivam.
716 3197 842 3241 morsum
858 3190 952 3242 tumor
966 3182 1092 3261 insequi·

91 3269 137 3320 tur
160 3270 189 3320 et
214 3264 356 3340 putrescit
383 3262 466 3322 locus
491 3296 550 3340 τ-,
579 3265 644 3342 ipse
671 3265 798 3325 cucumis
825 3265 917 3327 odore
945 3265 1091 3325 deiectum

92 3344 186 3403 animi.
217 3354 319 3407 coctos
338 3346 444 3407 deraso
460 3347 570 3407 cortice
586 3365 624 3408 ex
639 3348 723 3426 oleo,
745 3357 829 3410 aceto
848 3358 877 3410 et
891 3348 978 3409 melle
992 3349 1090 3408 iucun·

92 3424 191 3486 diores
207 3446 276 3491 esse
293 3438 403 3490 certum
418 3440 472 3491 est.
