2422 3840
119 174 179 234 260
466 183 495 230 5.
511 184 608 230 annu
624 182 774 230 5555551

119 341 269 400 oinomata.
308 337 487 397 defervescit
504 339 533 395 in
554 337 621 395 vino
643 336 730 396 dulci.
766 335 954 412 peculiariter
976 343 1005 392 et
1022 343 1128 396 contra

118 421 304 484 meliceridas
320 420 435 480 efficax.

77 516 129 569 152
190 505 239 564 21.
264 503 347 582 (88.)
377 502 528 562 Trifolium
546 502 609 562 scio
634 500 713 562 credi
732 500 906 578 praevalere
929 509 1032 562 contra
1062 518 1126 559 ser·

120 590 246 666 pontium
263 595 291 645 et
309 587 495 664 scorpionum
512 587 587 644 ictus
602 603 640 644 ex
657 585 724 643 vino
739 592 786 643 aut
803 601 910 662 posca,
926 584 1043 642 seminis
1058 601 1127 660 gra-

119 672 164 730 nis
179 671 280 746 viginti
296 672 371 748 potis
390 669 438 728 vel
461 669 540 729 loliis
560 678 589 727 et
609 677 668 726 tota
691 666 780 726 herba
803 666 942 745 decocta,
965 669 1153 745 serpentis-u

120 773 176 833 que
189 771 340 831 numquam
353 754 380 810 in
393 752 504 813 trifolio
520 752 641 829 adspici,
656 758 811 830 praeterea
825 768 841 809 a
855 749 1011 810 celebratis
1026 759 1129 810 auoto-

121 838 200 897 rihus
216 846 316 897 contra
333 837 426 895 omnia
439 854 552 896 venena
572 853 627 914 pro
644 832 772 894 antidoto
792 834 929 893 sulficere
942 848 1015 893 xxv
1036 851 1129 909 grana

91 921 185 980 ateius
209 920 287 998 quod
307 919 487 994 minyanthes
505 938 543 978 ex
564 936 600 978 eo
619 918 830 996 appellavimus
853 917 943 992 tradi,
965 917 1053 976 multa
1072 917 1131 977 5115

79 1015 130 1067 153
143 1013 296 1082 praeterea
320 1004 348 1061 in
364 1002 499 1062 remediis
514 1003 576 1061 eius
590 1000 726 1061 adscribi.
758 1000 812 1061 sed
825 1019 871 1060 me
893 1010 994 1060 contra
1010 1009 1130 1059 senten·

120 1089 175 1147 tias
192 1104 292 1147 eorum
305 1086 468 1162 gravissimi
482 1086 537 1144 viri
555 1084 712 1144 auctoritas
733 1092 847 1159 movet,
870 1083 1036 1161 Sophoclea
1052 1085 1168 1143 5515115

121 1180 210 1248 poeta
224 1177 395 1227 venenatum
416 1167 444 1226 id
467 1167 553 1243 dicit,
576 1168 670 1226 Simus
685 1183 802 1245 quoque
820 1166 987 1242 emedicis‚
1012 1167 1133 1226 decocti

120 1263 169 1312 aut
191 1253 306 1312 contriti
324 1269 423 1310 sucum
446 1251 568 1310 inlusum
591 1253 708 1329 corpori
730 1251 847 1311 easdem
869 1249 1005 1310 uredines
1027 1250 1133 1310 lacere

121 1354 192 1415 quas
209 1337 233 1393 si
250 1336 399 1413 percussis
413 1353 429 1394 a
445 1343 583 1412 serpente
596 1334 757 1412 inponatur.
787 1353 860 1411 ergo
875 1351 933 1393 non
946 1333 1032 1394 aliter
1047 1343 1132 1394 uten-

122 1419 187 1479 dum
208 1436 347 1497 ecquam
368 1426 469 1478 contra
491 1436 604 1477 venena
626 1418 798 1477 censuerim.
839 1418 974 1478 fortassis
1000 1418 1079 1477 enim
1103 1426 1134 1478 et

120 1503 164 1562 his
186 1505 307 1561 venenis
333 1503 409 1561 inter
435 1520 468 1562 se
495 1503 640 1561 contraria
662 1502 700 1560 sit
716 1511 816 1561 natura
837 1503 912 1560 sicut
937 1500 1171 1564 55111551115.15

120 1588 188 1645 11515
204 1588 297 1645 animo
316 1585 437 1645 adverto
459 1603 560 1645 semen
579 1587 641 1644 eius
663 1587 744 1645 cuius
760 1586 881 1644 minuma
905 1587 961 1644 sint
976 1585 1046 1644 lolia
1061 1585 1136 1644 utile

123 1687 189 1728 esse
202 1670 238 1729 ad
255 1668 472 1747 custodiendam
488 1668 637 1728 mulierum
653 1669 726 1728 cutis
741 1669 862 1745 gratiana
877 1670 906 1726 in
920 1669 997 1728 facie
1011 1666 1135 1727 inlitum.

80 1762 131 1815 154
197 1752 280 1830 (89.)
302 1752 442 1827 Thymum
457 1752 558 1828 colligi
576 1761 693 1829 oportet
712 1753 739 1810 in
760 1752 850 1829 llore,
871 1761 900 1811 51
916 1750 1060 1810 inumbra
1077 1753 1136 1814 sio·

121 1836 191 1897 cari.
224 1835 280 1909 duo
297 1843 391 1896 autem
406 1845 472 1895 sunt
486 1853 596 1911 genera
617 1836 696 1894 eius:
718 1835 868 1897 candidam
889 1834 988 1895 radice
1004 1834 1134 1911 lignosa,

121 1919 150 1977 15
167 1917 291 1977 collibus
308 1936 447 1993 nascens,
472 1918 549 1994 quod
565 1927 593 1976 et
609 1917 789 1994 praefertur,
816 1918 937 1978 alterum
954 1919 1065 1994 nigrius
1081 1917 1135 1977 llo·
1146 1935 1172 1975 ac

122 2003 221 2078 risque
247 2002 331 2076 nigri.
376 2010 497 2078 utraque
525 2000 674 2059 oculorum
702 2000 825 2061 claritati
851 2002 968 2060 multum
995 2001 1136 2060 conferre

123 2083 321 2143 existimantur
351 2091 380 2142 et
401 2086 429 2141 in
458 2083 524 2142 ciho
549 2085 630 2143 etin
655 2083 888 2161 medicamentis,
916 2085 983 2144 item
1006 2084 1137 2144 diutinae

123 2167 212 2241 tussi,
236 2168 265 2225 in
279 2166 435 2244 ecligmate
451 2168 545 2228 facilis
563 2169 784 2227 exscreationes
799 2168 900 2228 155515
916 2186 979 2228 cum
1000 2176 1088 2227 aceto
1106 2176 1137 2226 et

81 2261 132 2314 155
145 2249 224 2325 5515,
256 2252 424 2327 sanguinem
454 2268 649 2311 concrescere
674 2267 731 2309 non
758 2253 817 2329 pati
845 2270 861 2310 e
889 2251 993 2325 melle,
1026 2250 1137 2329 longas

121 2335 246 2394 faucium
261 2334 474 2394 destillationes
490 2343 572 2394 extra
587 2334 665 2394 inlita
682 2352 746 2393 cum
762 2335 855 2412 sinapi
869 2344 1039 2410 extenuare,
1066 2337 1137 2394 item
1147 2357 1172 2397 55

124 2418 264 2477 stomachi
282 2426 311 2477 et
325 2418 434 2476 ventris
454 2419 532 2476 vitia.
565 2417 687 2476 modicis
702 2426 798 2477 tamen
813 2418 949 2477 utendum
964 2426 1020 2493 est,
1042 2436 1136 2496 quon·

124 2503 180 2559 1515
201 2500 412 2574 excalfaoiunt,
437 2517 493 2577 qua
515 2500 543 2557 vi
566 2502 670 2559 sistant
689 2500 802 2577 alvom,
824 2519 897 2579 quae
921 2502 945 2560 si
963 2501 1137 2562 exulcerata

125 2583 177 2660 sit,
196 2584 297 2642 denari
312 2583 425 2660 pondus
447 2585 475 2642 in
497 2584 654 2643 sextarium
670 2585 745 2643 aceti
760 2593 789 2643 et
810 2584 904 2644 mellis
922 2585 988 2645 addi
1003 2593 1137 2662 oportet,

122 2666 190 2724 item
212 2665 236 2722 si
261 2665 362 2724 lateris
386 2665 470 2725 dolor
496 2667 549 2742 sit,
572 2675 619 2726 aut
642 2668 718 2726 inter
738 2669 873 2745 scapulas
889 2669 979 2728 autin
1000 2668 1136 2728 thorace.

122 2747 304 2826 praecordiis
319 2749 471 2808 medentur
487 2768 524 2809 ex
539 2759 625 2809 aceto
648 2768 711 2809 cum
725 2750 830 2825 melle,
855 2770 929 2830 quae
952 2751 1032 2829 potio
1048 2752 1135 2811 datur
1146 2773 1173 2815 ao

81 2832 220 2895 1565115
241 2831 416 2890 alienatione
437 2835 541 2891 mentis
564 2850 598 2892 ac
620 2832 850 2898 melancholicis.
888 2836 970 2895 datur
991 2844 1020 2894 et
1044 2837 1136 2894 comi·

122 2914 238 2976 tialihus
254 2932 329 2993 quos
345 2924 502 2993 correptos
519 2915 628 2975 olfacto
646 2918 773 2975 excitant
793 2917 901 2992 thymo.
928 2919 1006 2978 aiunt
1021 2926 1051 2977 et
1067 2919 1136 2978 dor·

121 2999 193 3057 mire
215 3014 268 3057 eos
285 3006 424 3074 oportere
441 2998 564 3057 15155111
580 2999 687 3074 thymo.
710 2999 833 3077 prodest
848 3012 877 3061 et
892 3001 1093 3080 orthopnoicis
1107 3012 1139 3062 et

122 3080 354 3140 anhelationihus
369 3081 579 3161 mulierumque
596 3081 742 3142 mensibus
757 3086 921 3162 retardatis,
933 3086 982 3145 vel
1000 3087 1024 3144 si
1040 3102 1136 3145 emor-

122 3164 162 3224 tui
188 3164 244 3222 sint
272 3163 301 3222 15
326 3174 409 3223 51515
431 3174 547 3243 partus,
572 3165 725 3226 decoctum
747 3168 777 3227 in
799 3187 872 3248 aqua
893 3170 929 3230 ad
949 3170 1063 3229 tertias.
1105 3179 1174 3229 etas

123 3248 193 3307 viris
207 3264 279 3306 vero
296 3257 397 3307 contra
421 3248 583 3327 inflationes
606 3267 670 3310 cum
692 3251 831 3311 melleet
853 3263 956 3328 aceto,
979 3253 1136 3312 5151155-

84 3339 133 3395 151
145 3340 191 3391 151
203 3340 336 3409 turgueat
351 3340 519 3412 testesque,
543 3342 591 3393 aut
605 3335 629 3393 si
650 3336 769 3394 vesicae
785 3335 870 3397 dolor
885 3322 993 3412 exigat.
1026 3353 1042 3394 e
1065 3338 1136 3396 vino

116 3423 250 3477 tumores
270 3424 301 3478 et
315 3416 440 3497 impetus
461 3417 615 3495 inpositum
631 3417 725 3494 tollit,
746 3420 815 3478 item
837 3438 899 3478 cum
918 3428 1003 3479 aceto
1027 3421 1137 3481 callum
