2422 3840
303 208 382 258 uun.
397 207 488 254 nisu.
507 206 580 254 xxu.
597 204 716 256 14---15Ι
737 189 890 275 (ao-55.)
1033 191 1094 254 249

94 367 192 428 noetio
218 371 370 424 nascentes
397 360 523 438 aphace,
553 377 674 438 cynops.
709 361 863 439 epipetron
892 367 997 418 vocant
1020 377 1094 437 quae

94 466 245 527 numquam
260 448 354 507 floret.
386 453 447 504 ate
466 445 611 503 contrario
629 441 738 521 aphace
762 442 882 503 subinde
898 451 1095 502 marcescente

96 533 168 593 dore
184 532 284 591 emittit
299 529 385 590 aliurn
396 537 457 588 tota
467 527 562 587 hieme
576 536 698 604 totoque
708 545 778 586 vere
793 544 886 604 usque
901 528 929 585 in
944 534 1095 586 aestatem.

161 611 242 698 (53.)
264 613 367 674 blultas
389 620 544 689 praeterea
571 608 707 687 ignobilis
735 608 858 685 habent,
886 611 939 671 sed
960 619 1139 673 maxumevo

74 698 245 759 caelebrant
260 712 370 758 cnecon
383 694 483 755 ltaliae
499 695 642 771 ignotam,
657 694 729 771 ipsis
745 700 839 752 autem
854 692 940 768 oleo,
956 710 1014 753 nou
1030 695 1097 753 cibo

95 791 214 859 gratam.
243 781 300 841 hoo
315 780 455 839 iaciunte
476 780 585 837 semine
601 778 673 836 eius.
706 775 876 835 Differentia
896 778 988 853 prima
1011 777 1097 837 silve·

96 867 163 925 stris
186 875 214 924 et
239 865 344 923 mitior.
379 862 553 922 silvestrium
573 861 646 921 duae
667 860 795 941 species.
826 877 881 919 una
904 860 1034 935 mitiore,
1060 863 1097 919 si·

95 950 155 1007 mili
169 949 268 1024 caule,
292 955 387 1006 tamen
403 946 512 1022 rigido,
539 946 636 1022 itaque
655 954 684 1003 et
701 943 768 1003 colu
789 944 922 1020 antiquae
945 942 1098 1003 utebantur

97 1031 222 1107 exiliis,
249 1047 337 1108 quare
353 1029 465 1107 quidam
480 1028 648 1104 atractylida
666 1036 781 1087 vocant.
809 1045 909 1087 semen
925 1029 986 1086 eius
1003 1026 1098 1087 candi·

60 1115 163 1175 rodum
186 1123 215 1173 et
235 1113 359 1191 grande,
382 1130 517 1173 amarum.
558 1113 649 1173 altera
666 1112 819 1188 hirsutior,
846 1111 992 1170 torosiore
1015 1111 1098 1171 caule

97 1207 126 1257 et
141 1199 189 1276 qui
204 1216 296 1277 paene
318 1197 393 1256 humi
416 1205 532 1274 serpat,
553 1198 660 1255 minuto
680 1196 799 1254 semine.
831 1195 1026 1256 aculeatarum
1046 1214 1097 1273 ge-

96 1283 173 1341 neris
187 1282 262 1341 haec
277 1289 336 1356 est,
364 1281 498 1357 quoniam
514 1279 714 1356 distinguenda
729 1288 794 1338 sunt
812 1289 840 1338 et
854 1297 974 1356 genera.

159 1363 242 1440 (54.)
265 1361 345 1439 Ergo
363 1362 503 1440 quaedam
518 1362 671 1422 herbarum
691 1364 828 1439 spinosae
849 1372 928 1437 sunt,
953 1362 1094 1441 quaedam
1106 1373 1138 1427 91

98 1449 159 1506 sine
176 1447 275 1524 spinis.
306 1445 485 1524 spinosarum
505 1445 612 1504 multae
634 1447 759 1522 speeies.
791 1448 923 1505 intutum
945 1447 1028 1524 spina
1054 1456 1098 1506 est

61 1546 273 1608 usasparagns,
304 1529 441 1606 scorpio,
468 1527 575 1589 nullum
596 1530 671 1589 enim
687 1528 787 1588 lolium
807 1528 923 1588 habent.
957 1529 1098 1606 quaedam

96 1614 212 1690 spinosa
234 1611 332 1672 foliata
355 1619 436 1686 sunt,
463 1620 492 1670 ut
510 1612 649 1686 carduus,
685 1630 813 1689 erynge,
835 1611 1030 1689 glycyrrhiza,
1051 1631 1096 1672 ur·

95 1697 162 1758 tica.
191 1696 226 1754 iis
247 1696 320 1755 enim
338 1694 468 1754 omnibus
489 1695 568 1755 loliis
585 1697 658 1754 inest
677 1696 810 1756 aculeata
833 1697 1015 1756 mordacitas.
1046 1695 1097 1756 ali·

96 1788 195 1857 quaet
216 1778 372 1838 secundum
398 1780 508 1856 spinam
525 1779 632 1839 habent
650 1779 766 1853 lolium,
788 1789 819 1839 ut
838 1778 961 1838 tribulus
978 1788 1008 1838 et
1029 1796 1097 1840 ano·

95 1864 148 1921 nis.
183 1862 322 1940 quaedam
348 1862 376 1921 in
401 1862 473 1923 lolio
501 1879 558 1922 non
588 1862 694 1923 habeut
721 1863 796 1923 etin
823 1863 905 1923 caule
922 1862 1045 1938 habent,
1068 1872 1098 1923 ut

59 1945 189 2024 aopbeos
213 1947 290 2025 quod
312 1946 400 2022 aliqui
424 1946 548 2007 stoeben
572 1947 772 2026 appellavere.
802 1946 985 2027 hippophaes
1008 1947 1098 2026 spinis

94 2029 295 2170 pepinulatum.
327 2029 433 2090 tribulo
464 2032 630 2110 proprietas
651 2033 728 2110 quod
753 2040 782 2091 et
805 2032 927 2091 iunctum
949 2032 1097 2109 spinosum

115 2120 192 2169 aet.

160 2193 242 2272 (55.)
265 2192 310 2252 Ex
325 2194 456 2254 omnibus
474 2196 518 2255 bis
534 2196 691 2273 generibus
709 2197 799 2255 urtica
815 2214 946 2256 maxume
965 2198 1094 2256 noscitur
1105 2207 1139 2261 92

96 2274 253 2335 acetabulis
275 2277 304 2335 iu
318 2274 391 2336 ilore
407 2295 579 2356 purpuream
596 2279 759 2355 lanuginem
774 2278 975 2355 fundentibus,
1005 2297 1096 2357 saepe

58 2358 180 2419 natator
195 2358 268 2418 binis
287 2359 400 2420 cubitis.
432 2361 532 2440 plures
547 2364 610 2423 eius
625 2363 821 2423 differentiae:
849 2362 992 2422 silvestris
1013 2379 1097 2439 quam

95 2451 124 2501 et
148 2442 280 2503 feminam
307 2453 430 2520 vocant,
456 2447 618 2526 mitiorque.
649 2455 679 2507 et
702 2448 730 2506 in
748 2445 875 2506 silvestri
899 2463 972 2524 quae
994 2446 1096 2506 dieitur

95 2526 195 2586 canina
213 2527 324 2602 acrior,
351 2529 433 2589 caule
448 2547 564 2608 quoque
580 2530 724 2606 mordaci,
747 2529 896 2589 fimbriatis
913 2529 1002 2606 loliis,
1021 2547 1096 2608 quae

93 2625 164 2667 vero
181 2609 265 2668 etiam
282 2609 402 2670 odorem
417 2611 509 2672 iundit
521 2611 701 2674 herculanea
717 2621 848 2673 vocatur.
883 2631 983 2672 semen
1007 2616 1095 2673 omni·

93 2691 147 2751 bus
173 2692 340 2770 copiosum,
366 2695 487 2771 nigrum.
525 2695 624 2756 blirum
641 2698 702 2756 sine
729 2697 795 2758 ullis
813 2696 958 2774 spinarum
985 2697 1094 2758 aculeis
1103 2706 1138 2762 93

57 2791 83 2834 ao
94 2773 255 2851 lanuginem
271 2778 363 2857 ipsam
381 2795 448 2838 esse
468 2781 582 2840 noxiam
604 2789 633 2839 et
649 2790 725 2841 tactu
747 2789 853 2841 tantum
876 2780 934 2841 leni
956 2782 1096 2861 pruritum

93 2857 269 2938 pusulasque
292 2861 444 2922 confestim
466 2864 567 2924 adusto
590 2864 690 2925 similis
707 2867 861 2925 exsistere.
890 2874 988 2924 uotum
1006 2874 1049 2924 est
1068 2865 1096 2924 ei

91 2943 248 3003 remedium
266 2945 335 3005 olei.
368 2946 422 3007 sed
436 2947 608 3008 mordacitas
626 2966 683 3007 non
701 2950 831 3026 protinus
847 2965 911 3008 cum
926 2948 989 3026 ipsa
1004 2947 1095 3008 herba

91 3027 233 3103 gignitur,
258 3046 314 3088 nec
335 3029 390 3089 nisi
412 3029 523 3090 solibus
545 3030 691 3093 roborata.
721 3033 865 3111 incipiens
893 3033 1007 3109 quidem
1031 3032 1094 3110 ipsa

92 3107 175 3170 nasci
195 3128 266 3170 vere
282 3129 338 3171 non
355 3115 486 3190 ingrato,
517 3114 612 3173 multis
630 3116 715 3176 etiam
739 3115 881 3193 religioso
903 3117 932 3174 in
958 3114 1024 3174 cibo
1050 3124 1095 3175 est

56 3192 127 3254 asad
151 3193 306 3271 pellendos
327 3199 412 3256 totius
437 3197 501 3258 anni
522 3196 651 3257 morbos.
685 3198 860 3259 silvestrium
877 3215 992 3277 quoque
1011 3199 1095 3258 radix

92 3290 340 3345 omnemhoarnem
363 3282 538 3341 teneriorem
553 3279 624 3340 facit
646 3281 729 3341 simul
751 3291 844 3342 cocta.
878 3299 952 3359 quae
979 3282 1095 3340 innoxia

93 3366 147 3433 est,
173 3378 271 3422 morsu
288 3379 401 3439 carens,
418 3361 531 3424 lamium
546 3374 677 3424 vocatur.
704 3364 749 3424 De
764 3365 922 3442 scorpione
939 3365 1066 3424 dicemus
1074 3384 1104 3426 ιι,
1112 3386 1136 3419 ιι

91 3439 166 3500 iuter
181 3445 319 3507 medicas.
