2422 3840
385 247 465 293 nnn.
481 247 572 294 mss.
588 248 646 294 xx.
664 245 749 299 5-6.
768 237 921 316 (uc-m.)
1072 242 1130 303 195

129 415 201 460 suco
225 396 343 458 feniculi
368 407 467 458 contra
490 399 653 477 incipientis
683 400 848 480 hydropisis
872 404 943 463 mire
972 405 1129 484 prolicere,

129 487 197 543 item
211 489 311 543 contra
327 484 445 559 anginas
458 499 521 542 curn
534 491 596 543 ruta
609 492 637 542 et
649 484 755 561 melle,
775 487 896 546 excitari
908 488 1009 548 eadem
1022 490 1129 551 lethar-

128 569 221 644 gicos.
239 564 332 625 Varro
347 583 421 643 quae
433 564 495 626 sale
509 573 539 624 et
553 576 637 626 aceto
652 586 755 646 sparsa
768 578 813 628 est
825 569 1012 650 arelactaque
1025 576 1128 635 vermi·

129 650 202 710 culis
218 666 275 708 non
292 649 422 709 infestari
440 658 542 709 auctor
559 658 613 709 est.

104 755 116 793 a
191 735 220 795 6.
245 732 327 811 (21.)
355 732 473 791 Porrnm
498 734 640 793 sectivom
662 733 802 811 prolluvia
829 737 975 812 sanguinis
999 741 1075 801 sistit
1099 744 1173 806 iola

126 817 245 877 naribus
267 818 390 875 contrito
415 832 451 874 eo
476 818 632 894 opturatis,
654 816 702 875 vel
722 817 820 893 gallae
836 821 924 879 mixto
941 830 989 882 aut
1004 833 1128 899 mentae,

126 903 194 961 item
211 918 249 959 ex
264 898 367 958 abortu
383 898 525 978 profluvia
537 909 608 978 poto
621 917 692 960 suco
708 917 772 958 cum
784 901 860 962 lacte
875 903 1034 966 mulierum.
1058 909 1129 967 tussi

128 986 212 1044 etiam
226 985 321 1042 veteri
337 991 366 1043 et
382 985 510 1060 pectoris
526 1002 560 1043 ac
578 983 721 1063 pulmonis
734 985 811 1044 vitiis
823 987 962 1048 medetur.
987 990 1073 1050 inlitis
1085 991 1128 1051 lo-

127 1068 174 1128 liis
199 1074 334 1126 sanantur
359 1068 421 1127 vari
443 1074 473 1126 et
497 1067 627 1129 ambusta
652 1077 682 1126 et
703 1069 883 1146 epinyctides
899 1105 942 1117 -
956 1075 994 1132 ita
1008 1084 1130 1134 vocatur

92 1174 117 1214 ro
127 1150 220 1225 ulcus,
240 1167 314 1229 quae
330 1159 359 1210 et
374 1169 456 1226 syce,
473 1152 502 1211 in
520 1152 626 1229 angulo
640 1151 717 1212 oculi
731 1163 874 1231 perpetuo
887 1174 987 1216 umore
1000 1174 1129 1235 manans,

127 1234 241 1313 quidam
258 1233 361 1294 eodem
381 1236 496 1294 nomine
515 1235 800 1313 appellantpusulas
816 1237 931 1298 liventis
948 1258 982 1300 ao
996 1242 1129 1302 noctibus

124 1319 318 1396 inquietantes
334 1327 417 1376 ——et
432 1317 490 1377 alia
504 1318 605 1378 ulcera
621 1337 684 1378 cum
697 1319 786 1378 melle
801 1321 886 1398 trito,
908 1322 957 1381 vel
972 1323 1127 1384 bestiarum
1138 1335 1172 1388 45

125 1419 239 1461 morsus
256 1417 293 1459 ex
308 1408 411 1476 aceto,
436 1401 505 1460 item
521 1401 699 1480 serpentium
715 1401 896 1481 aliorumque
911 1417 1128 1485 venenatorum,

126 1484 235 1545 aurium
249 1499 323 1543 vero
341 1484 409 1544 vitia
426 1501 489 1543 curn
509 1483 581 1544 felle
605 1485 725 1562 caprino
739 1485 789 1545 vel
808 1488 869 1563 pari
884 1504 1018 1549 mensura
1033 1492 1127 1567 mulsi,

90 1592 115 1634 ιε
127 1567 269 1629 stridores
285 1584 349 1626 cum
365 1567 444 1627 lacte
458 1567 598 1643 mulieris,
618 1569 720 1646 capitis
739 1568 869 1645 dolores,
887 1570 912 1628 si
929 1572 957 1630 in
975 1574 1051 1632 naris
1066 1573 1127 1634 iun-

124 1653 225 1728 datur,
248 1651 452 1712 dormiturisve
468 1652 609 1711 inaurem
624 1649 738 1710 dnobus
759 1654 822 1712 suci
844 1653 1044 1732 coclearibus,
1072 1675 1126 1718 uno
1194 1655 1197 1661 ’

90 1779 91 1782 ,
123 1734 228 1796 mellis.
258 1753 346 1794 sucus
365 1735 445 1795 etad
460 1735 639 1813 serpentium
656 1737 899 1816 scorpionumque
918 1739 1005 1798 ictum
1020 1739 1124 1800 bibitur
1135 1752 1169 1805 46

125 1837 188 1880 cum
206 1835 286 1880 mero
305 1827 335 1878 et
355 1818 390 1878 ad
413 1818 575 1879 lumborum
599 1819 719 1881 dolores
743 1837 807 1880 oum
829 1822 886 1880 vini
903 1821 1017 1882 hemina
1032 1833 1125 1901 potus.

124 1905 292 1981 sauguinem
314 1921 386 1963 vero
409 1902 630 1963 exscreantibus
647 1913 676 1963 et
692 1903 861 1983 phthisicis,
886 1904 1127 1967 destillationibus

88 1989 221 2065 colongis
237 1986 284 2047 vel
299 2005 385 2047 sucus
400 1986 449 2047 vel
466 2005 504 2047 ex
518 1988 583 2066 ipso
599 1987 681 2046 cibus
698 1987 827 2066 prodest,
844 1990 912 2049 item
927 1989 1028 2050 morbo
1045 1994 1128 2069 regio

123 2072 172 2131 vel
187 2071 355 2148 hydropicis
372 2080 401 2130 et
418 2069 453 2129 ad
469 2072 578 2129 renium
594 2070 725 2146 dolores,
743 2089 806 2130 curn
822 2072 933 2132 tisanae
948 2091 1019 2134 suco
1033 2085 1128 2135 aceta-

124 2154 184 2214 buli
200 2169 342 2212 mensura.
378 2153 455 2212 idern
474 2153 577 2212 modus
600 2170 662 2211 cum
681 2152 770 2212 melle
785 2154 888 2213 volvas
904 2167 1018 2233 purgat.
1047 2167 1126 2217 estur
1137 2168 1169 2223 47

124 2253 196 2297 vero
223 2244 252 2295 et
274 2244 373 2295 contra
395 2235 547 2312 longorum
568 2253 699 2310 venena,
728 2237 876 2313 inponitur
898 2247 927 2297 et
947 2239 1127 2317 volneribus,

123 2338 262 2381 venerem
277 2318 418 2394 stimulat,
436 2319 511 2378 sitim
525 2319 623 2395 sedat,
641 2319 801 2378 ebrietates
814 2319 948 2396 discutit,
962 2322 1014 2382 sed
1028 2324 1129 2384 oculo·

87 2427 115 2468 sa
126 2423 187 2465 rum
204 2405 297 2466 aciem
312 2404 453 2465 hebetare
469 2402 604 2479 traditur,
621 2403 784 2464 inflationes
802 2421 920 2484 quoqne
937 2406 1037 2466 iacere
1054 2424 1128 2485 quae

124 2500 219 2549 tamen
246 2487 395 2548 stomacho
425 2506 484 2548 nou
508 2496 634 2547 noceant
658 2497 847 2566 ventremque
875 2489 1015 2550 molliant.
1061 2492 1127 2550 voci

124 2572 310 2651 splendorem
326 2570 429 2634 adfert.

186 2653 266 2733 (22.)
296 2651 430 2730 Capitato
449 2655 540 2714 maior
556 2662 601 2713 est
622 2653 657 2713 ad
673 2653 775 2715 eadem
791 2655 923 2715 effectus.
956 2659 1171 2735 sangninem48

124 2736 312 2797 reicientibus
333 2754 420 2796 sucus
441 2739 504 2798 eins
519 2756 582 2798 oum
595 2736 694 2815 gallae
709 2747 757 2797 aut
772 2740 843 2797 turis
858 2737 950 2800 farina
964 2742 1013 2801 vel
1029 2743 1128 2802 acacia

87 2840 113 2880 ao
125 2823 218 2883 datur.
248 2820 443 2899 hippocrates
460 2831 488 2881 et
504 2823 567 2882 sine
584 2822 639 2883 alia
656 2824 779 2881 mixtura
793 2821 854 2882 dari
869 2823 950 2882 iubet
965 2825 1127 2902 volvasque

125 2912 289 2966 contractas
312 2904 427 2982 aperire
451 2923 483 2965 se
508 2915 605 2985 putat,
629 2906 834 2966 fecunditatem
854 2908 939 2966 etiam
961 2908 1126 2967 laminarum

124 2990 181 3049 hoc
197 2987 263 3048 cibo
277 2988 388 3064 augeri.
413 2990 563 3049 contritum
581 3009 619 3050 ex
632 2989 719 3049 melle
735 2989 834 3048 ulcera
853 3000 966 3068 purgat.
985 2993 1084 3052 tussim
1095 3001 1124 3051 et
1137 3002 1169 3054 49

124 3071 337 3133 destillationes
352 3071 499 3148 thoracis,
524 3073 668 3151 pulmonis
683 3081 712 3132 et
729 3073 854 3133 arteriae
870 3075 939 3134 vitia
958 3083 1054 3152 sanat,
1079 3076 1128 3135 da·

124 3164 181 3215 turn
208 3158 235 3215 in
263 3154 423 3215 sorbitione
450 3156 560 3216 tisanae
585 3157 635 3216 vel
661 3155 778 3216 crudum
803 3165 922 3234 paeter
944 3160 1040 3237 capita
1064 3161 1127 3219 sine

88 3257 115 3301 aa
124 3257 210 3319 pane,
230 3241 268 3301 ita
283 3248 315 3299 ut
330 3239 448 3299 alternis
464 3239 566 3299 diebus
581 3248 718 3315 sumatur,
732 3239 781 3299 vel
796 3241 820 3298 si
838 3257 909 3318 pura
925 3250 1126 3302 exscreentor.

126 3324 169 3382 sic
190 3333 220 3384 et
240 3325 307 3385 voci
323 3323 371 3384 vel
384 3323 486 3383 veneri
502 3340 662 3402 somnoque
682 3323 798 3382 multum
816 3324 940 3384 confert,
974 3326 1068 3403 capita
1083 3324 1127 3383 bis

125 3423 200 3484 aqna
215 3416 320 3469 mutata
336 3416 422 3470 cocta
437 3406 532 3467 alvom
547 3408 650 3467 sistunt
665 3415 696 3466 et
711 3406 863 3468 ductiones
877 3416 1014 3481 veteres,
1026 3417 1138 3466 cortes

127 3489 266 3551 decoctos
283 3491 439 3570 inlitusque
455 3491 544 3551 inlicit
560 3509 663 3552 canos.
914 3560 915 3564 ,
933 3564 1005 3624 W
