2422 3840
116 113 178 175 216
225 104 232 112 '
472 123 501 170 c.
520 123 616 170 emur
631 122 781 171 sucunnr

115 299 169 341 nes
186 298 224 339 ex
237 295 329 359 posca
345 275 475 355 pollere,
496 277 587 338 tribus
608 277 686 339 foliis
709 295 746 336 ex
766 277 833 337 oleo
850 288 994 356 peruncto
1010 280 1134 344 homine

115 365 210 442 iugari
226 361 380 441 serpentis.

74 459 124 514 lta
180 445 266 527 (64.)
290 445 314 505 Ε
334 446 478 505 contrario
497 463 571 524 quae
587 446 683 507 mollis
707 454 846 543 vocatur,
867 447 1062 526 pilosioribus
1088 451 1132 512 io-

115 533 162 592 liis
181 549 216 590 ao
238 530 326 590 ramis
348 538 378 588 et
399 529 556 607 aculeatis,
573 531 639 590 trita
655 529 749 590 mellis
766 529 886 590 odorem
899 530 1005 610 habet,
1030 534 1132 613 digitis

115 624 194 676 tactu
219 614 281 674 eius
306 613 547 689 cohaerentibus,
572 614 663 674 altera
683 615 772 689 turis,
797 631 881 692 quam
901 615 1064 679 libanotida
1082 637 1152 698 apt

72 721 100 766 ss,
111 722 147 756 ssa
164 698 345 778 pellavimus.
369 697 502 757 medetur
519 706 641 776 utraque
659 706 759 757 contra
776 701 923 776 serpentis
939 717 978 758 ex
993 703 1065 762 vino
1084 703 1133 764 vel

115 792 218 860 aceto,
236 783 349 860 pulices
367 783 451 841 etiam
467 783 608 842 contritae
622 799 686 841 cum
700 799 775 860 aqua
790 799 911 860 sparsae
925 795 1044 845 necant.

73 878 124 934 173
180 867 265 947 (65.)
295 867 394 927 Sativa
416 883 532 945 quoquc
558 884 628 927 suos
650 883 719 924 usus
743 865 840 925 habet.
870 885 956 928 sucus
979 870 1046 930 eius
1068 889 1132 932 curn

115 967 242 1012 rosaceo
258 949 403 1010 auriculas
419 951 514 1025 iuvat,
531 950 594 1027 ipsa
612 949 737 1009 edictus
754 948 870 1009 bibitur.
892 951 923 1010 lit
940 970 978 1010 ex
995 971 1032 1013 ea
1048 972 1131 1015 mon·

114 1047 198 1110 tana,
223 1033 354 1111 serpyllo
371 1031 490 1108 similis,
510 1032 616 1091 eiticax
632 1042 732 1092 contra
750 1036 905 1111 serpentis.
938 1037 1053 1096 urinam
1069 1055 1129 1099 mo·
1140 1052 1161 1094 tt

114 1128 181 1192 vet,
205 1126 342 1195 purgata
363 1124 446 1194 partu
461 1115 608 1175 mulieres.
638 1117 861 1176 concoctionem
875 1118 947 1178 mire
963 1118 1086 1182 adiuvat
1103 1130 1132 1181 et

115 1201 282 1262 aviditatem
305 1199 341 1259 ad
365 1197 448 1258 cibos
464 1208 604 1277 utraque,
627 1199 675 1258 vel
697 1200 725 1258 in
747 1200 887 1261 cruditate
906 1202 1011 1262 ieiunis
1030 1205 1062 1264 in
1077 1222 1130 1285 po·

114 1288 194 1346 tione
218 1285 370 1363 adspersa.
409 1282 513 1343 luxatis
536 1300 654 1361 quoque
677 1282 771 1360 utilis,
798 1293 898 1345 contra
919 1303 1081 1365 vesparum
1103 1299 1132 1349 ct

115 1369 217 1430 similis
233 1369 324 1443 ictus,
348 1385 385 1426 ex
403 1366 494 1426 farina
515 1366 682 1428 hordeacea
705 1376 732 1426 et
747 1384 839 1444 posca
857 1367 1018 1431 utilissima.
1058 1372 1130 1433 liba-

115 1453 221 1513 notidis
238 1452 294 1512 alia
311 1469 421 1529 genera
435 1452 495 1510 suis
507 1450 580 1510 locis
597 1450 737 1511 dicentur.
1140 1468 1162 1510 u

72 1548 124 1603 174
180 1539 229 1598 17.
261 1535 344 1617 (66.)
364 1535 516 1613 Piperitis,
540 1553 625 1613 quam
641 1543 670 1594 et
686 1533 880 1612 siliquastrum
899 1536 1129 1616 appellavimus,

73 1621 151 1665 ¹⁹·¹⁸⁷
165 1629 267 1681 contra
287 1619 406 1679 morbos
428 1619 580 1678 comitialis
604 1618 719 1678 bibitur.
758 1616 863 1679 Castor
886 1619 983 1679 taliter
1006 1620 1130 1683 demon-

115 1704 242 1764 strabat:
267 1703 349 1763 caule
370 1701 458 1762 rubro
478 1709 508 1761 et
524 1701 629 1779 longo,
654 1701 752 1761 densis
767 1702 926 1779 geniculis,
945 1703 1025 1763 foliis
1043 1705 1130 1784 lauri,

117 1789 227 1868 semine
243 1785 328 1860 albo,
345 1787 439 1861 tenui,
456 1793 542 1863 gustu
559 1786 686 1864 piperis,
703 1785 801 1845 utilem
818 1787 960 1864 gingivis,
979 1787 1130 1867 dentibus,

117 1874 175 1934 oris
194 1871 327 1929 suavitati
344 1877 373 1927 et
387 1869 525 1928 ructibus.
1138 1890 1162 1930 so

73 1967 125 2023 175
181 1953 266 2032 (67.)
295 1949 450 2029 Origanum
472 1951 549 2029 quod
572 1950 601 2010 in
620 1968 727 2029 sapore
750 1953 872 2013 cunilam
896 1953 1080 2034 aemulatur,
1100 1968 1131 2017 ut

74 2059 104 2101 ss,
115 2058 150 2094 aa
172 2036 310 2109 diximus,
329 2035 412 2113 plura
424 2053 533 2112 genera
546 2036 574 2095 in
585 2034 727 2096 medicina
743 2036 841 2097 habet.
862 2037 977 2114 onitim,
997 2039 1049 2098 alii
1063 2058 1130 2119 pra·

118 2121 183 2179 sion
209 2119 358 2199 appellant
386 2137 444 2180 uon
467 2119 606 2181 dissimile
632 2118 759 2198 hysopo.
805 2121 938 2199 privatim
963 2121 1028 2181 eius
1058 2143 1131 2184 usus

117 2213 218 2264 eontra
234 2205 368 2264 rosiones
387 2203 527 2264 stomachi
543 2204 571 2262 in
589 2203 775 2282 tepidaeque
791 2212 819 2262 et
836 2213 936 2264 contra
954 2206 1130 2285 cruditates,

117 2307 242 2349 araneos
268 2289 501 2367 scorpionesque
528 2288 557 2345 in
580 2289 647 2346 vino
674 2286 758 2364 albo,
786 2287 882 2348 luxata
905 2296 935 2346 et
955 2288 1079 2351 incussa
1103 2293 1165 2354 insa

117 2383 202 2433 aceto
220 2383 250 2433 et
267 2372 335 2432 oleo
352 2380 381 2431 et
397 2371 471 2432 lana.

73 2465 124 2521 176
180 2454 264 2535 (68.)
290 2453 517 2532 Tragorigauum
534 2453 652 2513 similius
675 2462 720 2513 est
738 2453 869 2531 serpyllo
891 2453 1029 2514 silvestri.
1072 2461 1132 2518 uri-

114 2559 178 2600 nam
198 2541 271 2614 ciet,
287 2548 415 2599 tumores
433 2538 566 2614 discutit,
591 2545 690 2596 contra
703 2537 814 2596 viscum
829 2545 928 2615 potum
943 2537 1133 2620 viperaeque

113 2625 202 2683 ictum
219 2621 467 2699 efficacissimum,
485 2621 634 2680 stomacho
650 2621 732 2681 acida
747 2622 869 2681 ructanti
885 2629 913 2679 et
929 2625 1130 2699 praecordiis.

114 2705 303 2767 tussientibus
330 2723 446 2784 quoque
466 2721 530 2764 cum
550 2703 638 2764 melle
662 2705 744 2764 datur
765 2713 794 2764 et
815 2705 975 2783 pleuriticis
997 2714 1027 2766 et
1049 2710 1166 2787 peri-at

115 2790 317 2868 pleumoniois.

70 2882 124 2938 177
180 2872 266 2953 (69.)
294 2870 459 2932 Heraclium
481 2887 598 2948 quoque
616 2871 670 2931 tria
690 2889 800 2948 genera
820 2871 924 2932 habet:
943 2871 1063 2948 nigrius
1088 2874 1131 2936 la·

115 2957 238 3017 tionibus
272 2956 368 3032 loliis,
400 2955 591 3032 glutinosum,
624 2954 746 3014 alterum
776 2955 963 3030 exilioribus,
997 2956 1131 3037 mollius,

113 3039 290 3118 sampsucho
308 3057 365 3099 non
383 3038 538 3114 dissimile,
556 3038 633 3115 quod
648 3038 737 3117 aliqui
753 3041 871 3118 prasion
883 3056 993 3099 vocare
1005 3041 1131 3103 malunt.

112 3125 228 3185 tertium
250 3133 295 3184 est
319 3124 393 3183 iuter
415 3122 490 3183 haec
513 3121 652 3201 medium,
674 3124 765 3183 minus
787 3141 871 3203 quam
887 3128 988 3183 cetera
1004 3123 1165 3186 silicano

113 3218 260 3289 optumum
278 3205 440 3283 Creticum,
464 3224 528 3266 nam
546 3214 575 3266 et
590 3206 712 3267 iucunde
730 3207 799 3267 olet.
837 3224 1007 3286 proxumum
1023 3206 1130 3286 Zmyr-

112 3311 216 3354 naeum
233 3292 369 3369 odorius,
392 3289 626 3351 heracleoticum
641 3289 677 3352 ad
694 3300 792 3370 potum
808 3291 920 3367 utilius,
940 3290 1019 3369 quod
1035 3295 1132 3355 onitin

63 3384 121 3441 178
133 3386 248 3440 uocant.
284 3377 440 3440 communis
463 3383 556 3436 autem
577 3393 645 3434 usus
662 3376 807 3453 serpentis
827 3374 947 3452 fugare,
972 3380 1132 3453 percussis

1157 3568 1171 3599 ἱ
