2422 3840
121 177 181 237 104
473 187 503 235 o.
519 188 616 235 sunu
632 187 784 236 succuum

120 343 193 402 alius
206 342 317 420 incipit,
334 358 391 400 nec
405 347 464 401 tota
480 359 569 420 seges
581 343 655 401 sicut
667 341 799 401 frumenti
814 343 931 422 pariter.
958 343 1129 421 siliquantur

120 443 193 486 vero
211 427 305 485 omnia
321 425 444 484 diversis
460 424 562 485 diebus
578 434 607 485 et
622 425 658 486 ab
674 426 729 486 ima
743 427 864 503 primum
880 434 974 504 parte,
992 426 1129 505 paulatim

78 510 192 572 (tollore
211 509 366 588 subeunte.
404 508 444 586 [6]
469 508 623 569 Frumento
645 527 708 570 cum
728 509 910 584 defloruere,
942 520 1129 570 crassescunt

120 603 352 670 maturanturque
371 610 434 651 cum
450 594 610 672 plurumum
628 593 731 654 diebus
746 595 949 673 quadraginta,
965 595 1034 653 item
1049 594 1128 671 faba,

120 678 302 755 paucissimis
324 677 413 736 cicer.
447 677 477 737 id
501 679 576 737 enim
599 695 615 737 a
637 679 758 737 sementi
781 677 883 737 diebus
905 691 952 737 XL
966 678 1156 754 perlicitur.⁵

119 761 225 819 milium
244 770 273 820 et
292 761 423 838 panicum
443 769 472 819 et
493 764 600 820 sesima
614 769 645 821 et
660 763 754 820 omnia
773 763 884 821 cestim
896 775 942 821 xx.
954 761 1057 820 diebus
1070 779 1128 820 ma-

119 844 372 919 communalem,
385 862 489 921 magna
502 854 599 905 terrae
613 845 747 924 caelique
755 845 926 904 differentia.
954 847 982 902 in
989 843 1128 922 Aegypto
1139 906 1140 909 ,

120 929 194 987 enim
209 928 349 987 hordeum
367 937 451 987 sexto
467 945 484 986 a
499 938 563 988 satu
577 947 688 1005 mense,
706 929 846 988 frumenta
861 937 993 1006 septumo
1017 938 1128 988 metun-

119 1022 174 1087 tur,
194 1014 222 1069 iu
235 1010 360 1070 Hellade
376 1020 509 1088 septumo
525 1011 674 1088 hordeum,
690 1013 719 1070 in
730 1011 935 1090 Peloponneso
954 1020 1077 1088 octavo,
1098 1020 1129 1071 et

119 1095 261 1154 frumenta
289 1095 440 1153 etiamnum
466 1095 582 1154 tardius.
616 1094 710 1155 Grana
729 1097 757 1154 in
783 1096 888 1174 stipula
916 1096 1018 1154 crinito
1045 1105 1163 1155 textum

119 1179 276 1255 spirantur.
320 1179 349 1235 in
377 1177 442 1237 laha
469 1178 719 1257 leguminibusque
747 1178 867 1239 alteruis
897 1178 1038 1240 lateribus
1068 1179 1128 1238 sili·

119 1270 250 1340 quantur.
289 1258 423 1320 Fortiora
440 1270 540 1322 contra
555 1263 667 1322 hiemes
679 1263 831 1339 frumenta,
848 1263 991 1339 legumina
1006 1264 1035 1320 in
1051 1262 1128 1322 ciho.

76 1353 109 1407 61
120 1345 161 1423 [7]
198 1343 325 1404 Tunicae
347 1345 491 1405 frumento
512 1347 622 1424 plures.
661 1346 800 1406 hordeum
826 1364 957 1406 maxume
979 1346 1083 1405 nudum
1100 1355 1129 1405 et

118 1428 227 1503 arinca,
244 1428 297 1487 sed
313 1430 472 1507 praecipue
489 1447 590 1490 avena.
625 1430 751 1490 calamus
775 1429 860 1490 altior
880 1429 1023 1489 frumento
1043 1446 1128 1507 quam

118 1512 241 1588 hordeo,
257 1514 344 1572 arista
361 1513 526 1574 mordacior
540 1515 663 1575 hordeo.
691 1517 727 1574 In
742 1531 810 1573 area
823 1522 991 1573 exteruntur
1002 1514 1128 1573 triticum
1138 1530 1163 1571 m

119 1605 148 1654 et
164 1597 250 1673 siligo
267 1606 297 1655 et
312 1597 463 1657 hordeum.
495 1601 539 1657 sic
554 1608 583 1656 et
597 1607 732 1657 seruntur
747 1615 818 1676 pura
834 1598 960 1675 qualiter
970 1596 1127 1672 moluntur,

119 1682 184 1756 quia
200 1689 276 1740 tosta
291 1690 429 1739 nonsunt.
447 1682 591 1741 ediverso
599 1681 654 1756 far,
666 1681 783 1756 milium,
797 1683 930 1758 panicum
942 1682 1060 1758 purgari
1073 1682 1128 1739 nisi

117 1773 260 1828 tostanou
268 1773 399 1841 possunt.
425 1765 522 1841 itaque
532 1765 606 1824 haec
618 1782 679 1823 cum
694 1767 753 1824 suis
765 1763 904 1823 folliculis
917 1773 1051 1823 serantur
1064 1782 1127 1823 cru·

118 1845 163 1905 da.
179 1856 208 1905 et
221 1847 265 1905 iar
281 1848 310 1905 in
324 1847 466 1923 vaginulis
484 1849 545 1906 suis
558 1857 676 1907 servant
690 1848 726 1908 ad
741 1857 820 1907 satus
836 1852 923 1926 atqu'e
935 1864 993 1907 non
1004 1856 1127 1907 torrent.

74 1936 109 1990 62
159 1943 160 1946 ’
182 1931 267 2006 (11.)
291 1928 479 1990 Levissimum
494 1948 532 1989 ex
547 1931 591 1990 his
605 1931 745 1991 hordeum
761 1949 828 1991 raro
844 1931 960 1991 excedit
975 1944 1023 1990 xv
1037 1930 1127 1991 libras
1136 1948 1163 1989 ao

117 2021 146 2070 et
162 2012 228 2071 laha
248 2026 335 2072 xxn.
373 2013 568 2090 ponderosius
587 2013 633 2073 iar
654 2015 804 2094 magisque
822 2017 974 2076 etiamnum
991 2015 1126 2074 triticum.

116 2094 161 2154 iar
190 2097 218 2153 in
240 2094 378 2174 Aegypto
401 2116 438 2156 ex
466 2098 548 2173 olyra
572 2099 731 2158 coniicitur.
767 2101 881 2158 tertium
906 2117 1000 2177 genus
1026 2099 1127 2176 spicae

116 2179 173 2238 hoc
188 2179 228 2238 ibi
243 2188 298 2239 est.
332 2179 442 2242 Galliae
458 2199 574 2260 quoque
590 2201 672 2241 suum
685 2200 778 2259 genus
793 2183 878 2242 farris
901 2182 1026 2257 dedere,
1049 2182 1127 2261 quod

116 2262 176 2322 illic
191 2263 309 2324 bracem
323 2274 441 2341 vocant,
457 2265 532 2344 apud
548 2283 602 2326 nos
617 2266 780 2341 candelam,
796 2265 956 2326 nitidissimi
971 2267 1064 2343 grani.
1097 2273 1128 2324 et

116 2348 172 2408 alia
187 2347 367 2425 differentia,
389 2350 467 2428 quod
484 2350 548 2408 lere
565 2352 713 2428 quaternis
734 2350 816 2408 libris
837 2349 903 2427 plus
925 2348 1021 2409 reddit
1044 2350 1163 2426 panisus

116 2450 201 2509 quam
216 2433 261 2491 iar
276 2433 362 2494 aliud.
392 2434 531 2511 populum
546 2432 704 2494 Romanum
719 2433 796 2493 farre
815 2442 923 2493 tantum
945 2451 963 2492 c
983 2431 1126 2491 frumento

116 2527 179 2575 cco
197 2518 277 2574 annis
295 2535 375 2575 usum
387 2516 508 2576 Verrius
522 2517 618 2576 tradit.

72 2605 107 2658 63
179 2599 261 2677 (12.)
286 2600 327 2677 [1]
353 2599 454 2659 Tritici
468 2618 578 2677 genera
595 2599 688 2678 plura,
705 2617 779 2676 quae
799 2599 901 2659 iecere
921 2609 1037 2676 gentes.
1072 2598 1127 2658 lta-

114 2681 172 2741 lico
188 2681 295 2740 nullum
315 2683 451 2761 equidem
467 2684 687 2760 conparaverIm
702 2683 830 2742 candore
845 2701 880 2742 ao
897 2684 1045 2762 pondere,
1070 2699 1127 2760 quo

114 2782 245 2824 maxume
261 2764 445 2824 discernitur.
474 2769 615 2825 montanis
631 2766 716 2825 modo
733 2776 908 2845 conparetur
923 2766 1024 2827 ltaliae
1047 2767 1126 2844 agris
1136 2778 1163 2821 ao

115 2857 281 2924 externum,
301 2849 329 2906 in
351 2865 409 2925 quo
433 2850 624 2926 principatum
646 2851 737 2908 tenuit
760 2849 899 2925 Boeotia,
924 2851 991 2911 dein
1015 2850 1127 2925 Sicilia,

112 2948 181 2991 mox
196 2932 306 2995 Africa.
338 2934 452 2991 tertium
474 2932 587 3009 pondos
608 2942 671 2992 erat
689 2932 831 3008 Thracio,
852 2934 954 3009 Syrio,
978 2933 1082 2993 deinde
1099 2941 1129 2991 et

112 3015 271 3092 Aegyptio,
289 3015 462 3074 athletarum
480 3033 544 3074 cum
559 3015 696 3090 decreto,
720 3033 841 3094 quorum
858 3019 1003 3095 capacitas
1018 3019 1127 3076 inmen-

113 3096 148 3155 tis
164 3098 265 3156 similis
283 3116 369 3176 quem
383 3099 506 3158 diximus
527 3097 659 3158 ordinem
679 3099 800 3173 iecerat.
836 3100 959 3161 Graecia
981 3109 1010 3159 et
1031 3100 1127 3159 Ponti·

70 3186 177 3242 mcum
192 3182 331 3259 laudavit,
350 3183 428 3261 quod
445 3184 474 3242 in
490 3183 600 3243 ltaliam
616 3200 674 3242 non
688 3185 829 3262 pervenit.
865 3202 902 3244 ex
927 3185 1002 3243 omni
1024 3183 1163 3242 eademas

112 3282 223 3341 genere
241 3268 325 3343 grani
331 3266 470 3346 praetulit
486 3266 658 3327 dracontion
677 3276 707 3327 et
723 3269 880 3344 strangiam
902 3277 931 3327 et
951 3267 1126 3327 Selinusium

112 3360 284 3426 argumento
300 3352 474 3411 crassissimi
486 3351 598 3412 calami.
617 3353 713 3430 itaque
729 3352 829 3429 pingui
842 3351 908 3410 solo
924 3351 999 3411 haec
1014 3367 1126 3428 genera

112 3432 294 3510 adsignabat.
318 3435 496 3495 levissimum
512 3443 542 3495 et
552 3452 685 3496 maxume
696 3436 791 3510 inane,
805 3434 955 3512 speudian,
967 3435 1127 3495 tenuissimi
