2422 3840
396 214 476 261 nsr.
494 213 585 262 rursu.
604 194 704 262 xvm.
720 211 745 264 6.
764 202 883 280 (7-8.)
1087 203 1145 264 tot

141 369 200 430 lum
217 369 303 430 etiam
322 368 358 428 de
380 368 498 429 culturis
514 371 620 447 agendi
639 387 749 430 morem
767 369 876 445 luisse,
891 369 1076 451 qualiterque
1097 367 1148 430 de·

141 453 222 514 leudi
236 452 314 512 soliti
329 453 384 512 sint
402 453 444 513 illi
467 454 529 512 viri.
563 452 595 514 0.
613 453 717 514 Furius
734 453 903 514 chresimus
920 471 937 512 e
956 456 1098 514 servitute
1114 453 1147 514 li·

141 537 271 613 beratus,
281 555 343 597 cum
357 537 385 597 in
400 555 490 617 parvo
503 537 653 597 admodum
660 539 759 616 agello
774 529 920 614 largiores
934 538 1023 598 multo
1036 537 1147 597 fructus

142 620 310 701 perciperet
334 639 418 699 quam
440 640 477 681 ex
503 621 686 698 amplissimis
700 623 850 696 vicinitas,
873 622 902 680 in
918 623 1024 682 invidia
1043 638 1146 698 magna

114 712 222 780 serat,
252 723 304 765 ceu
328 705 430 782 fruges
451 705 561 764 alienas
582 705 742 784 perliceret
762 704 924 763 veneficiis.
957 705 1189 782 quamobremst

140 809 157 851 a
179 790 231 868 Sp.
246 788 352 848 Albino
374 788 466 847 curuli
486 788 588 850 aedile
609 790 654 849 die
670 789 748 849 diota
766 797 899 846 metuens
924 789 1145 862 damnationem,

140 892 206 935 cum
226 874 254 931 in
271 872 438 949 suffragium
453 871 543 931 tribus
565 881 719 951 oporteret
738 874 797 947 ire,
824 872 1040 931 instrumentum
1061 873 1145 930 rusti·

140 977 205 1019 oum
221 974 306 1016 omne
322 957 349 1014 in
364 955 456 1018 iorum
471 956 564 1016 attulit
578 966 608 1017 et
622 956 740 1017 adduxit
757 955 892 1015 familiam
907 954 1031 1016 validam
1047 964 1144 1032 atque,

139 1051 171 1101 ut
186 1041 225 1100 eit
237 1039 321 1115 Piso,
347 1038 423 1099 bene
447 1049 574 1101 curatam
594 1059 630 1101 ao
647 1042 797 1116 vestitam,
824 1041 1002 1100 ferramenta
1023 1039 1145 1117 egregie

105 1136 131 1178 1⁰
141 1125 235 1200 iacta,
262 1124 359 1201 gravis
375 1124 505 1201 ligones,
528 1143 665 1185 vomeres
680 1125 881 1204 ponderosos,
908 1123 1003 1183 boves
1019 1132 1143 1183 saturos.

141 1217 244 1289 postea
259 1208 344 1268 dixit:
370 1209 513 1268 veneiicia
528 1228 608 1288 mea,
637 1210 782 1284 Quirites,
806 1207 881 1268 haec
899 1217 980 1283 sunt,
1006 1224 1061 1267 nee
1075 1215 1187 1285 pos-43

141 1310 202 1353 sum
222 1292 307 1351 vobis
330 1291 486 1351 ostendere
507 1302 555 1352 eut
579 1294 606 1352 in
628 1293 722 1352 iorum
750 1291 897 1353 adducere
924 1289 1143 1352 lucubrationes

141 1393 220 1436 meas
245 1376 418 1453 vigiliasque
443 1385 472 1435 et
497 1377 631 1436 sudores.
668 1377 791 1435 omnium
817 1377 968 1434 sententiis
994 1375 1144 1435 absolutus

141 1463 239 1539 itaque
255 1468 310 1519 est.
339 1459 474 1536 prolecto
491 1476 581 1538 opera
596 1461 716 1537 inpensa
738 1459 849 1519 cultura
867 1467 999 1533 constat,
1024 1467 1053 1517 et
1076 1458 1143 1517 ideo

106 1560 132 1602 ss
141 1546 267 1604 maiores
296 1541 503 1602 fertilissimum
529 1544 557 1601 in
583 1560 655 1619 egro
685 1542 800 1601 oculum
827 1541 933 1600 domini
967 1559 1033 1600 esse
1064 1541 1174 1600 dixe·

141 1636 215 1688 runt.
251 1625 291 1705 [3]
308 1624 433 1703 Reliqua
448 1633 607 1704 praecepte
622 1626 779 1686 reddentur
794 1625 852 1682 suis
868 1624 958 1698 locis,
987 1641 1063 1701 quae
1078 1632 1187 1702 pro-44

141 1711 204 1791 pria
216 1727 355 1788 generum
365 1710 633 1786 singuloromerint.
650 1708 929 1769 interimcommunia
939 1725 1013 1785 quae
1026 1724 1144 1768 succur-

140 1803 205 1855 runt
220 1811 276 1853 non
292 1794 465 1872 omittemus,
482 1803 511 1854 et
527 1796 555 1853 in
569 1796 666 1873 primis
679 1791 797 1853 Catonis
811 1793 1042 1852 humanissimum
1054 1791 1143 1850 utilis-

141 1880 315 1956 simumque:
330 1879 362 1937 id
377 1879 551 1955 agendum
564 1888 601 1938 ut
616 1878 773 1956 diligant
785 1877 911 1936 vicini.
935 1894 1039 1936 causas
1050 1875 1145 1935 reddit

105 1963 210 2036 tuille,
236 1979 290 2021 nos
307 1963 501 2023 existimamus
518 1963 590 2024 nulli
612 1981 680 2023 esse
703 1962 813 2025 dubias.
854 1963 929 2021 inter
951 1961 1041 2038 prima
1068 1960 1143 2019 idem

143 2055 226 2106 cavet
239 2064 276 2105 ne
292 2045 417 2105 familiae
438 2048 514 2107 male
532 2048 577 2106 sit.
612 2047 682 2107 nihil
698 2063 766 2106 sero
788 2045 951 2107 iaciendum
971 2047 999 2105 in
1019 2042 1143 2122 agricul-

141 2139 204 2189 tura
221 2146 321 2188 omnes
338 2138 474 2205 censent,
498 2131 600 2189 iterum
621 2147 674 2188 suo
692 2147 825 2208 quaeque
847 2138 982 2207 tempore
999 2128 1143 2201 facienda,

142 2222 172 2271 et
194 2213 281 2270 tertio
302 2220 462 2288 praecepto
484 2214 692 2289 praetermissa
710 2212 815 2270 frustra
836 2213 980 2271 revocari.
1011 2211 1046 2270 de
1067 2221 1145 2270 terra

142 2295 256 2355 cariosa
273 2295 438 2354 exsecratio
454 2291 573 2355 Catonis
593 2294 706 2355 abunde
728 2294 850 2353 indicata
865 2303 927 2367 est,
951 2310 1187 2370 quemquamne

94 2378 314 2458 ospraedteers
336 2395 393 2437 non
414 2380 565 2440 cessatis:
595 2377 772 2457 quidquid
789 2393 855 2454 per
873 2375 1032 2436 asellum
1054 2376 1145 2434 lieri

140 2472 268 2543 potest
285 2463 470 2523 vilissime
487 2471 644 2523 constat.
662 2461 748 2522 Felix
761 2460 876 2520 biennio
888 2460 1017 2532 moritur,
1029 2459 1053 2517 si
1065 2459 1142 2517 iron·
1153 2467 1187 2520 45

142 2548 207 2607 dem
223 2564 312 2623 agere
328 2563 386 2606 non
398 2546 525 2628 patiaris.
545 2546 573 2606 id
586 2546 790 2606 efficacissime
806 2544 944 2620 contingit
958 2543 1144 2620 germinantis

141 2631 227 2689 ramis
238 2628 344 2688 baculo
356 2628 498 2689 decussis.
517 2649 605 2690 sucus
618 2631 692 2690 enim
705 2647 743 2688 ex
754 2629 817 2706 ipsa
830 2627 960 2687 deiluens
973 2636 1060 2686 necat
1071 2626 1144 2686 radi·

143 2729 205 2772 ces.
220 2713 335 2771 eiuntet
348 2712 426 2773 circa
436 2714 589 2773 solstitium
601 2714 718 2774 evolsas
726 2729 783 2772 non
795 2712 909 2781 renasci
920 2728 976 2770 nec
988 2710 1145 2771 harundine

106 2804 241 2855 sosectas
261 2803 309 2854 aut
331 2805 464 2856 exaratas
487 2799 599 2857 vomeri
617 2797 775 2857 harundine
795 2797 930 2874 inposita.
962 2795 1095 2855 similiter
1116 2802 1145 2852 et
1154 2801 1188 2854 lo

141 2878 328 2940 harundinem
351 2881 464 2941 exarari
485 2881 574 2941 ielice
595 2883 705 2941 vomeri
726 2881 852 2959 inposita
867 2880 1059 2957 praecipiunt.
1084 2878 1144 2935 iun·

143 2981 230 3023 cosus
254 2979 327 3038 ager
341 2963 416 3021 verti
431 2963 497 3042 pala
512 2964 614 3044 debet,
643 2975 691 3024 aut
705 2967 733 3024 in
757 2981 865 3024 saxoso
880 2961 1055 3022 bidentibus.
1087 2959 1144 3019 iru-

142 3057 219 3107 tecta
235 3047 293 3124 igni
308 3054 425 3124 optume
443 3047 590 3108 tolluntur.
621 3049 791 3108 umidiorem
807 3064 907 3123 agrum
922 3047 1011 3105 fossis
1030 3044 1145 3103 concidi
1153 3050 1187 3104 47

143 3139 228 3208 atque
254 3130 359 3190 siccari
385 3130 566 3191 utilissimum
592 3141 653 3207 est,
682 3131 779 3192 fossas
800 3140 893 3190 autem
919 3130 1044 3189 cretosis
1069 3128 1144 3188 locis

102 3222 259 3292 teupertus
275 3213 417 3293 relinqui,
440 3216 468 3275 in
482 3215 623 3276 solutiore
644 3225 723 3275 terra
738 3213 876 3293 saepibus
893 3213 1009 3289 inmari,
1025 3231 1062 3272 ne
1078 3228 1144 3290 pro-

143 3295 259 3373 cidunt,
284 3304 339 3358 aut
356 3297 549 3375 imbricibus,
580 3307 628 3358 aut
649 3298 758 3377 supinis
776 3296 918 3357 lateribus
938 3294 1145 3374 procumbere,

143 3381 280 3459 quasdam
293 3384 449 3444 occaecari
471 3393 501 3443 et
521 3385 549 3442 in
568 3380 641 3442 alias
656 3382 743 3458 dirigi
764 3381 890 3440 maiores
906 3380 1145 3459 patentioresque

144 3472 189 3540 et,
210 3467 235 3526 si
250 3467 288 3525 sit
307 3468 446 3545 occasio,
469 3467 553 3528 silice
573 3466 622 3527 vel
641 3465 743 3544 glarea
765 3465 867 3524 sterni.
905 3480 956 3522 ora
978 3469 1077 3520 autem
1096 3478 1174 3517 ea·-
