2422 3840
368 196 448 244 usu.
465 195 556 243 ursa.
572 195 686 259 xvrrrr.
702 194 727 245 o.
745 180 894 266 (at-ao.)
1074 184 1132 247 169

129 362 188 415 tam
203 351 377 429 laxandique
391 359 513 410 ructum.
537 348 575 409 ob
589 349 623 410 id·
634 349 715 410 cibus
729 351 900 427 inliberalis,
917 351 1016 430 utique
1028 351 1053 408 si
1064 367 1131 429 pro·
1141 358 1179 416 79

129 456 216 498 xume
229 436 322 496 olusm
339 434 468 495 andatur.
491 435 516 494 si
534 449 606 493 vero
623 434 689 512 ipse
705 452 768 494 cum
784 435 869 495 olivis
885 434 1023 514 druppis,
1040 434 1134 495 rarior

130 529 229 581 ructus
252 519 283 579 iit
306 519 457 597 minusque
480 517 614 578 iaetidus.
651 516 789 596 Aegypto
803 519 876 578 mire
892 518 1058 579 celebratur
1074 518 1133 577 olei

131 612 254 683 propter
270 602 447 663 fertilitatem
470 600 548 679 quod
570 602 680 661 semine
699 603 761 661 eius
780 602 898 663 iaciunt.
931 604 989 663 hoc
1001 619 1132 662 maxume

107 689 247 767 ncupiunt
267 705 387 761 serere,
411 685 435 745 si
456 684 559 760 liceat,
583 685 717 764 quoniam
738 694 767 745 et
783 693 920 763 quaestus
934 686 1000 765 plus
1016 701 1099 763 quam
1116 703 1132 744 e

130 773 273 832 frumento
302 778 331 830 et
354 770 446 829 minus
476 768 574 828 tributi
600 776 645 828 est
667 769 833 851 nullumque
855 769 1005 847 copiosius
1026 768 1131 832 oleum.

131 855 172 936 [a]
198 854 312 916 Genera
334 852 454 932 raphani
472 851 578 913 Graeci
598 852 700 911 iecere
723 853 778 912 tria
798 851 935 912 loliorum
953 851 1178 918 differentiazeo

130 940 220 1016 cripsi
240 947 327 1016 atque
347 936 421 996 levis
443 945 472 996 et
487 936 602 995 tertium
619 935 765 996 siluestre.
794 944 880 1014 atque
896 936 963 996 huic
978 934 1055 994 levia
1071 936 1131 1012 qui·

129 1023 195 1082 dem
210 1022 262 1082 sed
278 1021 413 1081 breviora
428 1038 463 1080 ac
478 1019 600 1080 rotunda
616 1020 796 1102 copiosaque
814 1037 849 1080 ac
865 1018 1022 1094 irutieosa,
1044 1035 1133 1097 sapor

93 1114 226 1174 roautem
246 1122 334 1183 asper
354 1113 383 1164 et
403 1103 605 1165 medicamenti
627 1105 715 1164 instar
740 1103 777 1164 ad
798 1103 957 1164 eliciendas
979 1101 1073 1164 aluos.
1104 1110 1133 1162 et

128 1189 157 1248 in
171 1189 317 1268 prioribus
331 1196 427 1248 tamen
442 1187 603 1248 differentia
616 1205 632 1247 a
644 1189 765 1263 semine,
782 1188 916 1266 quoniam
927 1187 1023 1266 aliqua
1035 1187 1130 1263 peius,

127 1271 223 1351 aliqua
245 1271 395 1333 admodum
406 1272 556 1347 ‘exiguum
571 1271 676 1330 ierunt.
707 1271 781 1331 haec
801 1272 869 1331 vitia
885 1287 943 1332 non
959 1270 1062 1331 cadunt
1077 1270 1131 1329 nisi

127 1357 157 1416 in
178 1356 274 1434 crispa
294 1355 375 1415 lolia.
421 1354 461 1433 [3]
485 1353 584 1414 Nostri
600 1355 657 1415 alia
671 1355 773 1414 iecere
788 1373 912 1431 genera:
936 1353 1097 1431 Algideuse
1113 1363 1172 1418 aiil

127 1439 213 1515 loco,
243 1438 359 1515 longum
386 1446 472 1515 atque
492 1436 679 1514 tralucidum,
710 1438 830 1497 alterum
856 1439 918 1514 rapi
941 1437 1033 1514 figura
1054 1435 1131 1515 quod

92 1548 119 1590 1⁶
129 1531 235 1582 vocant
250 1522 414 1599 Syriacum,
430 1521 629 1580 suavissimum
642 1521 706 1580 lere
720 1538 756 1580 ac
771 1523 955 1580 tenerrimum
969 1520 1131 1598 hiemisque

127 1606 250 1684 patiens.
281 1605 469 1684 praecipuum
484 1612 580 1664 tamen
596 1604 732 1682 estquod
750 1621 767 1663 e
783 1604 867 1679 Syria
882 1621 939 1664 uon
956 1604 1067 1683 pridem
1082 1603 1131 1662 ad·

127 1696 243 1748 vectum
264 1688 401 1767 adparet,
429 1689 562 1766 quoniam
588 1687 664 1764 apud
686 1696 822 1747 auctores
845 1705 903 1747 nou
920 1688 1074 1765 reperitur.
1103 1686 1130 1745 id

127 1780 222 1833 autem
247 1780 307 1832 tota
331 1772 427 1831 hieme
452 1771 543 1831 durat.
577 1771 728 1832 etiamnum
753 1789 837 1832 unum
862 1771 998 1832 siluestre
1027 1769 1176 1833 Graeciflt

127 1857 230 1933 agrion
243 1865 359 1931 uocant,
377 1854 488 1915 Pontici
503 1871 613 1930 armon,
631 1855 680 1916 alii
697 1855 812 1934 leucen,
828 1856 919 1915 nostri
931 1855 1129 1930 armoraciam,

89 1963 118 2005 20
129 1939 398 2019 fronde‘copiosius
413 1957 497 2017 quam
513 1955 649 2018 corpore·
677 1941 705 1999 in
721 1939 853 1999 omnibus
866 1948 962 2000 autem
973 1938 1131 2019 probandis

125 2041 256 2084 maxume
277 2031 445 2101 spectantur
465 2022 575 2086 caules.
605 2024 741 2083 inmitium
758 2024 832 2082 enim
849 2025 1034 2085 rotundiores
1051 2040 1128 2082 cras·

126 2108 281 2184 sioresque
302 2124 337 2166 ac
356 2107 453 2182 longis
470 2106 629 2166 canalibus.
661 2106 732 2166 lolia
747 2107 810 2185 ipsa
826 2107 954 2167 tristiora
970 2117 999 2167 et
1014 2105 1127 2182 augulis

126 2188 252 2249 horrida.
299 2188 339 2267 [4]
362 2189 428 2248 Seri
447 2189 509 2247 volt
523 2189 667 2266 raphanus
682 2199 759 2250 terra
775 2190 886 2265 soluta,
907 2191 1009 2251 umida.
1033 2189 1174 2254 iimumssa

128 2272 189 2331 odit
214 2271 301 2350 palea
324 2280 486 2332 contentus.
521 2269 632 2348 irigore
653 2268 728 2331 adeo
748 2273 858 2348 gaudet
878 2281 908 2332 ut
928 2273 956 2331 iu
978 2271 1128 2333 Germania

89 2355 275 2419 minlautium
295 2372 450 2434 puerorum
470 2354 693 2430 magnitudinem
715 2364 831 2432 aequet.
862 2356 967 2415 seritur
982 2364 1049 2433 post
1065 2352 1130 2412 idus

126 2439 213 2499 Febr.
230 2449 261 2499 ut
280 2457 386 2499 vernus
403 2441 453 2513 sit,
478 2439 640 2517 iterumque
657 2439 735 2499 circa
750 2438 938 2514 vulcanalia,
962 2455 1036 2517 quae
1054 2438 1128 2497 satio

126 2523 238 2583 melior.
271 2523 351 2582 multi
373 2534 402 2582 et
416 2522 519 2581 lilartio
541 2531 569 2581 et
585 2522 679 2600 Aprili
697 2531 797 2582 serunt
813 2531 841 2582 et
857 2521 1031 2599 Septembri,
1060 2520 1129 2580 inci-

126 2607 225 2682 piente
240 2607 419 2665 incremento
436 2605 549 2665 confert
563 2606 674 2665 alterna
689 2605 759 2666 lolia
775 2605 1026 2682 circumobruere,
1048 2606 1127 2680 ipsos

127 2705 199 2747 vero
216 2689 416 2763 adcumulare,
439 2707 503 2747 nam
521 2689 569 2767 qui
584 2697 666 2749 extra
683 2699 788 2749 terram
804 2690 922 2749 emersit
936 2690 1024 2750 durus
1042 2688 1072 2747 iit
1086 2696 1127 2746 at·

90 2795 117 2835 so
128 2789 184 2850 que
203 2772 353 2849 fungosae.
374 2843 379 2851 ι
398 2771 616 2832 Aristomachus
630 2773 742 2832 detrahi
757 2773 826 2833 lolia
841 2791 894 2852 per
910 2773 1032 2833 hiemem
1048 2768 1173 2836 iubet84

128 2864 167 2930 et,
187 2873 223 2914 ue
240 2855 361 2915 lacunae
376 2861 520 2933 stagnant,
537 2856 723 2917 adcumulari.
751 2858 788 2916 ita
807 2857 834 2915 iu
851 2865 990 2916 aestatem
1005 2852 1126 2932 grande-

127 2957 222 2999 scere.
244 2938 355 3016 quidam
371 2940 537 3016 prodidere,
554 2940 578 2998 si
592 2940 660 3018 palo
673 2941 777 3000 adacto
793 2958 916 3000 caverna
928 2940 1013 3018 palea
1025 2939 1127 2996 inster-

126 3033 209 3082 natur
229 3041 283 3082 sex
297 3022 449 3099 digitorum
465 3023 629 3098 altitudine,
652 3022 757 3084 deindo
771 3025 799 3082 in
816 3041 915 3084 semen
930 3023 1080 3099 limumque
1099 3028 1127 3080 et

126 3116 205 3166 terra
223 3115 408 3183 congeratur,
426 3105 462 3165 ad
476 3107 698 3183 magnitudinem
714 3107 827 3168 scrobis
844 3125 992 3167 crescere.
1014 3105 1126 3183 praeci·

90 3213 117 3254 aa
129 3208 185 3268 pue
200 3200 294 3252 tamen
310 3190 395 3250 salsis
411 3188 530 3250 aluntur.
553 3191 650 3268 itaque
664 3191 749 3250 etiam
761 3190 864 3251 talibus
877 3192 959 3268 aquis
971 3190 1128 3266 inrigantur

128 3282 157 3332 et
172 3276 200 3333 in
215 3274 354 3352 Aegypto
370 3274 445 3333 uitro
463 3283 651 3350 sparguntur,
670 3272 718 3333 ubi
733 3282 797 3333 suut
812 3276 951 3334 suavitate
966 3272 1126 3351 praecipui.

127 3357 156 3414 in
171 3366 259 3417 totum
274 3375 391 3437 quoque
406 3357 553 3434 salsugine
569 3356 726 3419 amaritudo
740 3375 839 3419 eorum
854 3358 987 3417 eximitur
998 3356 1125 3433 iiuntque
1135 3364 1170 3420 85

129 3440 221 3499 coctis
241 3442 357 3502 similes.
385 3458 509 3519 namque
526 3450 555 3500 et
570 3441 645 3501 cocti
661 3442 830 3503 dulcescunt
845 3449 874 3501 et
888 3442 916 3500 in
932 3456 1077 3517 naporum
1086 3439 1130 3494 ui-
