2422 3840
339 209 420 257 unu.
432 208 525 257 man.
540 209 629 256 xxm.
646 207 690 260 25.
706 198 860 276 (ua-67.)
972 273 977 284 ,
1049 199 1107 259 291

98 366 163 425 dum
182 364 212 423 iu
230 361 322 422 herba
344 372 399 423 est.
431 362 489 422 hoc
511 363 633 442 amplius
656 364 749 424 oculis
769 364 914 442 inponitur
935 358 1059 425 decocta
1080 365 1109 424 in

15 512 18 517 ,
98 450 175 508 vino.
215 445 365 506 stomacho
387 446 493 506 inutilis
514 447 541 504 in
563 445 636 506 cibis
658 455 688 506 et
709 448 820 508 animae
835 449 1008 525 gravitatem
1027 447 1106 508 iacit.

98 531 261 592 stellionum
282 529 427 589 morsibus
448 530 573 605 resistit,
598 531 667 589 item
694 529 841 590 ulceribus
865 547 939 608 quae
967 531 1108 591 cacoethc

97 624 219 692 vocant,
243 622 271 674 et
286 612 402 674 auribus
417 612 512 672 oleum
529 612 607 692 quod
622 631 660 672 ex
674 630 709 673 ea
725 611 756 672 lit
770 614 913 690 prodesse
933 613 1064 674 diximus.
1079 633 1115 677 as,
1126 635 1149 668 ar.

74 698 284 761 sSesamoides
314 714 331 758 a
357 697 540 756 similitudine
569 713 674 755 nomen
702 697 835 774 accepit,
862 713 953 774 grano
979 708 1150 774 amaro,133

42 807 44 811 ¹
97 784 170 844 iulio
190 783 310 840 minore.
341 780 468 839 nascitur
487 781 516 839 in
539 780 694 856 glareosis.
730 778 854 840 detrahit
878 779 964 839 bilem
985 781 1013 839 in
1032 799 1106 859 aqua

97 874 204 945 potum.
236 882 335 924 semen
350 864 476 923 inlinitur
490 864 548 941 igni
561 879 663 939 sacro,
679 863 795 923 discutit
810 879 912 944 panos.
942 863 1000 924 list
1009 865 1106 924 etiam·

96 968 162 1009 num
183 948 260 1008 aliud
280 947 461 1007 sesamoides
483 947 641 1022 Anticyrae
662 964 803 1022 nascens,
832 947 911 1025 quod
930 948 997 1007 ideo
1019 946 1107 1026 aliqui

12 1090 15 1095 .
97 1033 287 1107 Anticyricon
315 1040 438 1108 vocant,
473 1040 572 1092 cetera
602 1031 696 1091 simile
722 1032 881 1108 erigeronti
909 1029 1037 1104 herbae,
1069 1030 1106 1091 de

63 1133 89 1174 ro
99 1133 155 1195 qua
170 1116 299 1176 dicemus
313 1131 367 1174 suo
378 1115 467 1192 loco,
483 1132 575 1192 grano
591 1132 733 1176 sesamae.
761 1115 887 1175 daturin
902 1116 969 1174 vino
984 1114 1100 1176 dulciss,
1114 1137 1148 1170 aaa

97 1201 133 1261 ad
149 1200 345 1260 detractiones
362 1207 497 1275 quantum
512 1199 604 1257 trihus
623 1199 721 1275 digitis
739 1200 859 1277 capitur.
887 1200 1009 1258 miscent
1022 1196 1062 1257 ibi
1077 1207 1106 1256 et

98 1278 224 1344 ellebori
239 1281 297 1342 albi
313 1299 398 1341 unum
413 1290 443 1340 et
456 1281 599 1341 dimidium
612 1281 746 1355 obolum,
762 1284 961 1359 purgationem
977 1299 1041 1341 cam
1055 1282 1105 1342 ad·

96 1367 230 1427 hibentes
252 1381 385 1423 maxume
405 1365 534 1425 insaniae
555 1363 799 1442 melancholicas,
822 1363 1029 1440 comitialibus,
1051 1382 1102 1442 po·

97 1450 204 1526 dagris.
236 1456 266 1507 et
282 1465 337 1525 per
353 1465 388 1507 se
402 1446 555 1508 drachmae
573 1448 704 1526 pondere
720 1449 856 1508 exinanit.

62 1557 88 1598 as
161 1531 245 1611 (65.)
268 1531 414 1591 Hordeum
427 1539 572 1610 optumum
584 1531 661 1608 quod
675 1532 914 1592 candidissimum.
937 1549 1024 1590 sucus
1037 1530 1148 1594 de·134

98 1616 175 1676 cocti
191 1617 220 1674 in
234 1632 309 1692 aqua
325 1614 445 1674 caelesti
459 1614 600 1691 digeritur
609 1615 642 1677 in
656 1615 806 1692 pastillos,
828 1624 859 1674 ut
873 1614 1036 1674 infundatur
1053 1632 1104 1674 ex·

96 1699 235 1760 ulceratis
252 1698 408 1757 interaneis
428 1706 458 1756 et
473 1697 578 1756 volvis.
610 1699 682 1757 cinis
700 1700 764 1758 eius
779 1698 918 1758 ambustis
933 1697 1060 1759 inlinitur
1075 1706 1105 1757 et

98 1782 232 1842 carnibus
254 1799 329 1859 quae
351 1780 492 1840 recedunt
511 1778 547 1839 ab
565 1780 681 1840 ossibus
701 1791 730 1841 et
752 1781 951 1860 eruptionibus
974 1782 1103 1859 pituitae,

96 1867 184 1926 muris
204 1866 303 1926 aranei
323 1864 475 1924 morsibus.
504 1863 579 1923 idem
601 1864 744 1943 adsperso
760 1865 822 1924 sale
842 1882 877 1925 ac
892 1865 980 1925 melle
996 1864 1103 1925 cando·

60 1973 87 2014 ao
97 1967 159 2010 rem
173 1948 307 2010 dentibus
323 1958 353 2008 et
367 1949 538 2009 suavitatem
553 1949 613 2007 oris
628 1947 708 2009 iacit.
737 1966 790 2009 eos
807 1949 855 2026 qui
871 1966 945 2028 pane
959 1947 1146 2010 hordea-135

97 2051 151 2093 ceo
175 2041 291 2091 utuntur
309 2031 411 2091 morbo
432 2032 538 2109 pedum
559 2033 693 2111 temptari
715 2041 832 2110 negant.
876 2049 982 2093 novem
1004 2033 1103 2110 granis

95 2115 276 2175 furunculum
296 2115 321 2172 si
343 2115 406 2191 quis
431 2114 643 2192 circumducat,
665 2116 786 2193 siugulis
805 2126 851 2176 ter
870 2134 954 2178 manu
975 2117 1101 2190 sinistra,

97 2207 126 2258 et
141 2198 235 2257 omnia
246 2198 274 2256 in
286 2197 382 2273 ignem
394 2195 514 2271 abiciat,
529 2197 682 2257 confestim
694 2199 789 2259 sanari
801 2200 888 2259 aiunt.
914 2208 960 2258 est
971 2209 1001 2257 et
1012 2199 1103 2259 herba

96 2282 240 2360 phoenice
260 2279 407 2358 appellata
422 2278 559 2356 Graecis,
583 2282 691 2340 nostris
706 2299 777 2341 vero
792 2282 933 2342 hordeum
953 2283 1101 2340 murinum.

49 2365 171 2445 cahacc
186 2366 252 2425 trita
274 2383 291 2423 e
308 2365 373 2422 vino
390 2372 460 2441 pota
475 2364 627 2442 praeclare
644 2365 702 2424 ciet
717 2383 844 2426 menses.
1116 2361 1133 2388 ⁸

156 2448 241 2527 (66.)
265 2446 389 2507 'lisanae
403 2464 478 2525 quae
500 2466 538 2507 en
558 2447 670 2508 hordeo
692 2448 722 2508 lit
742 2449 843 2510 landes
862 2467 919 2508 uno
935 2449 1080 2508 volumine
1096 2457 1144 2511 136

98 2532 225 2592 condidit
239 2531 451 2609 Hippocrates,
473 2548 548 2609 quae
569 2549 645 2591 nuuc
662 2549 762 2592 omnes
780 2533 808 2591 in
824 2533 927 2593 alicam
942 2540 1099 2592 transeunt.

97 2624 202 2693 quanto
214 2615 394 2674 innocentior
405 2614 491 2674 alica!
516 2613 712 2694 Hippocrates
723 2625 818 2676 tamen
829 2616 997 2676 sorbitionis
1008 2617 1100 2694 gratia
1157 2638 1161 2643 ·

97 2697 238 2774 laudavit,
256 2699 389 2776 quoniam
406 2697 516 2756 lubrica
532 2716 571 2757 ex
583 2697 662 2758 iacili
677 2699 854 2776 hauriretur,
875 2701 1009 2778 quoniam
1027 2700 1101 2758 sitim

60 2790 230 2858 marceret,
253 2782 386 2859 quoniam
407 2781 435 2838 in
458 2781 524 2840 alvo
540 2797 598 2839 non
616 2782 836 2858 intumesceret,
860 2784 993 2862 quoniam
1013 2783 1101 2843 facile

96 2865 269 2926 redderetur
289 2874 318 2924 et
333 2864 461 2924 adsuetis
476 2865 523 2924 hic
544 2863 627 2924 cibus
642 2865 723 2924 solus
743 2867 771 2925 in
787 2866 861 2926 febri
877 2868 921 2926 bis
936 2867 983 2928 die
999 2875 1102 2945 posset

96 2949 174 3024 dari,
198 2957 305 3008 tuntum
322 2955 450 3008 remotus
465 2948 501 3006 ab
521 2948 583 3008 istis
604 2950 652 3026 qui
667 2948 836 3009 medicinam
853 2951 929 3010 lame
950 2958 1100 3010 exercent

96 3032 283 3092 sorbitionem
304 3041 398 3092 tamen
420 3030 482 3106 dari
501 3039 590 3091 totam
607 3033 697 3091 vetuit
715 3033 830 3093 aliudve
848 3052 932 3111 quam
952 3050 1052 3093 sucum
1066 3034 1100 3092 ti·

97 3134 202 3192 sanae,
224 3117 292 3175 item
315 3114 447 3193 quamdiu
463 3114 557 3192 pedes
572 3113 669 3192 irigidi
685 3126 802 3193 essent,
823 3127 891 3178 tunc
911 3117 1026 3196 quidem
1046 3135 1101 3176 nec

60 3219 87 3260 as
95 3203 243 3278 potionem
255 3200 385 3260 dandam.
411 3197 456 3257 Fit
469 3208 499 3258 et
510 3217 548 3258 ex
561 3198 655 3258 tritico
666 3199 839 3276 glutinosior
853 3203 1036 3280 arteriaeque
1051 3219 1101 3261 ex·

96 3284 242 3345 ulceratae
256 3283 363 3343 utilior.

159 3368 243 3446 (67.)
268 3367 392 3442 hmylou
414 3365 533 3426 hebetat
555 3367 675 3443 oculos,
698 3376 727 3426 et
748 3367 836 3445 gulae
857 3367 957 3428 inutile
980 3377 1080 3428 contra
1092 3377 1143 3432 137

97 3466 180 3528 quam
195 3452 331 3512 creditur.
357 3451 427 3510 item
438 3450 533 3509 alvom
549 3451 638 3528 sistit,
656 3451 813 3530 epiphoras
827 3451 1115 3588 οαιιῑξξζωὼὶξεκ
