<?xml version="1.0" encoding="UTF-8"?>
<!DOCTYPE html PUBLIC "-//W3C//DTD XHTML 1.0 Transitional//EN"
    "http://www.w3.org/TR/xhtml1/DTD/xhtml1-transitional.dtd">
<html xmlns="http://www.w3.org/1999/xhtml" xml:lang="en" lang="en">
 <head>
  <title>
</title>
<meta http-equiv="Content-Type" content="text/html;charset=utf-8" />
  <meta name='ocr-system' content='tesseract 3.04.00' />
  <meta name='ocr-capabilities' content='ocr_page ocr_carea ocr_par ocr_line ocrx_word'/>
</head>
<body>
  <div class='ocr_page' id='page_1' title='image "./cplinisecundina04plingoog_0262.png"; bbox 0 0 2422 3840; ppageno 0'>
   <div class='ocr_carea' id='block_1_1' title="bbox 364 136 1097 213">
    <p class='ocr_par' dir='ltr' id='par_1_1' title="bbox 364 136 1097 213">
     <span class='ocr_line' id='line_1_1' title="bbox 364 136 1097 213; baseline 0.007 -20"><span class='ocrx_word' id='word_1_1' title='bbox 364 146 443 193; x_wconf 78' lang='lat' dir='ltr'>nar.</span> <span class='ocrx_word' id='word_1_2' title='bbox 461 147 552 194; x_wconf 78' lang='lat' dir='ltr'>arsa.</span> <span class='ocrx_word' id='word_1_3' title='bbox 569 147 627 193; x_wconf 85' lang='lat' dir='ltr'>xx.</span> <span class='ocrx_word' id='word_1_4' title='bbox 645 143 670 198; x_wconf 84' lang='lat'>9.</span> <span class='ocrx_word' id='word_1_5' title='bbox 688 136 843 213; x_wconf 54' lang='lat' dir='ltr'>(as-39.)</span> <span class='ocrx_word' id='word_1_6' title='bbox 1036 137 1097 198; x_wconf 83' lang='lat'>203</span> 
     </span>
    </p>
   </div>
   <div class='ocr_carea' id='block_1_2' title="bbox 56 299 1142 3469">
    <p class='ocr_par' dir='ltr' id='par_1_2' title="bbox 58 299 1142 1967">
     <span class='ocr_line' id='line_1_2' title="bbox 96 299 1097 376; baseline 0.002 -19"><span class='ocrx_word' id='word_1_7' title='bbox 96 300 133 358; x_wconf 90' lang='lat' dir='ltr'>tis</span> <span class='ocrx_word' id='word_1_8' title='bbox 148 299 237 359; x_wconf 91' lang='lat' dir='ltr'>oleris</span> <span class='ocrx_word' id='word_1_9' title='bbox 251 299 381 376; x_wconf 85' lang='lat' dir='ltr'>similior,</span> <span class='ocrx_word' id='word_1_10' title='bbox 399 299 546 360; x_wconf 80' lang='lat' dir='ltr'>candidior</span> <span class='ocrx_word' id='word_1_11' title='bbox 561 302 652 362; x_wconf 86' lang='lat' dir='ltr'>sativa</span> <span class='ocrx_word' id='word_1_12' title='bbox 669 311 697 361; x_wconf 91' lang='lat' dir='ltr'>et</span> <span class='ocrx_word' id='word_1_13' title='bbox 710 301 856 361; x_wconf 77' lang='lat' dir='ltr'>hirsutior.</span> <span class='ocrx_word' id='word_1_14' title='bbox 887 300 961 360; x_wconf 92' lang='lat' dir='ltr'>hanc</span> <span class='ocrx_word' id='word_1_15' title='bbox 976 301 1097 361; x_wconf 84' lang='lat' dir='ltr'>indatio·</span> 
     </span>
     <span class='ocr_line' id='line_1_3' title="bbox 96 382 1097 464; baseline 0.002 -23"><span class='ocrx_word' id='word_1_16' title='bbox 96 382 178 443; x_wconf 91' lang='lat' dir='ltr'>nibus</span> <span class='ocrx_word' id='word_1_17' title='bbox 194 384 315 460; x_wconf 82' lang='lat' dir='ltr'>mederi,</span> <span class='ocrx_word' id='word_1_18' title='bbox 331 382 548 443; x_wconf 81' lang='lat' dir='ltr'>melancholicis</span> <span class='ocrx_word' id='word_1_19' title='bbox 565 403 682 464; x_wconf 87' lang='lat' dir='ltr'>quoque</span> <span class='ocrx_word' id='word_1_20' title='bbox 698 403 732 445; x_wconf 90' lang='lat' dir='ltr'>ac</span> <span class='ocrx_word' id='word_1_21' title='bbox 746 384 913 445; x_wconf 87' lang='lat' dir='ltr'>volueribus</span> <span class='ocrx_word' id='word_1_22' title='bbox 930 384 1097 445; x_wconf 78' lang='lat' dir='ltr'>recentibus</span> 
     </span>
     <span class='ocr_line' id='line_1_4' title="bbox 97 466 1097 547; baseline 0.002 -22"><span class='ocrx_word' id='word_1_23' title='bbox 97 484 161 525; x_wconf 92' lang='lat' dir='ltr'>cum</span> <span class='ocrx_word' id='word_1_24' title='bbox 180 466 282 544; x_wconf 91' lang='lat' dir='ltr'>melle,</span> <span class='ocrx_word' id='word_1_25' title='bbox 301 467 338 527; x_wconf 93' lang='lat' dir='ltr'>ita</span> <span class='ocrx_word' id='word_1_26' title='bbox 362 485 406 539; x_wconf 40' lang='lat' dir='ltr'>ne,</span> <span class='ocrx_word' id='word_1_27' title='bbox 421 467 572 528; x_wconf 86' lang='lat' dir='ltr'>solvantur</span> <span class='ocrx_word' id='word_1_28' title='bbox 595 469 750 529; x_wconf 90' lang='lat' dir='ltr'>antediem</span> <span class='ocrx_word' id='word_1_29' title='bbox 773 478 949 547; x_wconf 81' lang='lat' dir='ltr'>septumum,</span> <span class='ocrx_word' id='word_1_30' title='bbox 973 471 1097 542; x_wconf 91' lang='lat' dir='ltr'>strumis,</span> 
     </span>
     <span class='ocr_line' id='line_1_5' title="bbox 97 549 1097 631; baseline 0.003 -24"><span class='ocrx_word' id='word_1_31' title='bbox 97 549 210 625; x_wconf 85' lang='lat' dir='ltr'>tistulis,</span> <span class='ocrx_word' id='word_1_32' title='bbox 227 552 255 609; x_wconf 90' lang='lat' dir='ltr'>iu</span> <span class='ocrx_word' id='word_1_33' title='bbox 271 568 344 629; x_wconf 91' lang='lat' dir='ltr'>aqua</span> <span class='ocrx_word' id='word_1_34' title='bbox 361 553 510 611; x_wconf 86' lang='lat' dir='ltr'>contritam</span> <span class='ocrx_word' id='word_1_35' title='bbox 524 550 703 631; x_wconf 76' lang='lat' dir='ltr'>Chrysippus</span> <span class='ocrx_word' id='word_1_36' title='bbox 718 561 820 612; x_wconf 86' lang='lat' dir='ltr'>auctor</span> <span class='ocrx_word' id='word_1_37' title='bbox 836 561 890 613; x_wconf 89' lang='lat' dir='ltr'>est.</span> <span class='ocrx_word' id='word_1_38' title='bbox 923 564 952 613; x_wconf 91' lang='lat' dir='ltr'>et</span> <span class='ocrx_word' id='word_1_39' title='bbox 966 553 1014 612; x_wconf 90' lang='lat' dir='ltr'>alii</span> <span class='ocrx_word' id='word_1_40' title='bbox 1025 569 1097 612; x_wconf 89' lang='lat' dir='ltr'>vero</span> 
     </span>
     <span class='ocr_line' id='line_1_6' title="bbox 73 635 1097 715; baseline 0.003 -24"><span class='ocrx_word' id='word_1_41' title='bbox 73 650 278 711; x_wconf 63' lang='lat' dir='ltr'>scoupescere</span> <span class='ocrx_word' id='word_1_42' title='bbox 297 635 370 694; x_wconf 88' lang='lat' dir='ltr'>mala</span> <span class='ocrx_word' id='word_1_43' title='bbox 389 637 522 713; x_wconf 92' lang='lat' dir='ltr'>corporis</span> <span class='ocrx_word' id='word_1_44' title='bbox 534 653 608 714; x_wconf 90' lang='lat' dir='ltr'>quae</span> <span class='ocrx_word' id='word_1_45' title='bbox 626 645 744 715; x_wconf 91' lang='lat' dir='ltr'>serpant</span> <span class='ocrx_word' id='word_1_46' title='bbox 761 671 803 680; x_wconf 93' lang='lat'>—</span> <span class='ocrx_word' id='word_1_47' title='bbox 814 653 914 695; x_wconf 90' lang='lat' dir='ltr'>nomas</span> <span class='ocrx_word' id='word_1_48' title='bbox 930 644 1036 695; x_wconf 91' lang='lat' dir='ltr'>vocant</span> <span class='ocrx_word' id='word_1_49' title='bbox 1047 670 1097 711; x_wconf 92' lang='lat'>-,</span> 
     </span>
     <span class='ocr_line' id='line_1_7' title="bbox 96 718 1097 796; baseline 0.001 -20"><span class='ocrx_word' id='word_1_50' title='bbox 96 718 164 777; x_wconf 91' lang='lat' dir='ltr'>item</span> <span class='ocrx_word' id='word_1_51' title='bbox 181 719 382 779; x_wconf 79' lang='lat' dir='ltr'>excrescentia</span> <span class='ocrx_word' id='word_1_52' title='bbox 398 718 567 794; x_wconf 90' lang='lat' dir='ltr'>absumere,</span> <span class='ocrx_word' id='word_1_53' title='bbox 591 720 743 779; x_wconf 86' lang='lat' dir='ltr'>cicatrices</span> <span class='ocrx_word' id='word_1_54' title='bbox 765 718 800 778; x_wconf 90' lang='lat' dir='ltr'>ad</span> <span class='ocrx_word' id='word_1_55' title='bbox 817 719 932 796; x_wconf 93' lang='lat' dir='ltr'>planum</span> <span class='ocrx_word' id='word_1_56' title='bbox 952 718 1097 795; x_wconf 86' lang='lat' dir='ltr'>redigere.</span> 
     </span>
     <span class='ocr_line' id='line_1_8' title="bbox 96 801 1142 877; baseline 0.003 -19"><span class='ocrx_word' id='word_1_57' title='bbox 96 802 156 860; x_wconf 92' lang='lat' dir='ltr'>oris</span> <span class='ocrx_word' id='word_1_58' title='bbox 167 801 267 864; x_wconf 93' lang='lat' dir='ltr'>ulcera</span> <span class='ocrx_word' id='word_1_59' title='bbox 280 812 309 863; x_wconf 89' lang='lat' dir='ltr'>et</span> <span class='ocrx_word' id='word_1_60' title='bbox 320 802 452 863; x_wconf 85' lang='lat' dir='ltr'>tonsillas</span> <span class='ocrx_word' id='word_1_61' title='bbox 464 803 661 863; x_wconf 91' lang='lat' dir='ltr'>manducatam</span> <span class='ocrx_word' id='word_1_62' title='bbox 671 811 700 861; x_wconf 91' lang='lat' dir='ltr'>et</span> <span class='ocrx_word' id='word_1_63' title='bbox 709 810 820 861; x_wconf 88' lang='lat' dir='ltr'>coctam</span> <span class='ocrx_word' id='word_1_64' title='bbox 830 817 901 860; x_wconf 90' lang='lat' dir='ltr'>suco</span> <span class='ocrx_word' id='word_1_65' title='bbox 916 804 1142 877; x_wconf 65' lang='lat' dir='ltr'>gargarizatum</span> 
     </span>
     <span class='ocr_line' id='line_1_9' title="bbox 97 885 1097 964; baseline -0.001 -21"><span class='ocrx_word' id='word_1_66' title='bbox 97 903 160 944; x_wconf 91' lang='lat' dir='ltr'>cum</span> <span class='ocrx_word' id='word_1_67' title='bbox 176 887 264 946; x_wconf 91' lang='lat' dir='ltr'>melle</span> <span class='ocrx_word' id='word_1_68' title='bbox 279 885 401 961; x_wconf 88' lang='lat' dir='ltr'>tollere,</span> <span class='ocrx_word' id='word_1_69' title='bbox 416 889 484 945; x_wconf 87' lang='lat' dir='ltr'>item</span> <span class='ocrx_word' id='word_1_70' title='bbox 501 903 606 964; x_wconf 88' lang='lat' dir='ltr'>psoras</span> <span class='ocrx_word' id='word_1_71' title='bbox 623 895 652 944; x_wconf 88' lang='lat' dir='ltr'>et</span> <span class='ocrx_word' id='word_1_72' title='bbox 667 885 767 964; x_wconf 88' lang='lat' dir='ltr'>lepras</span> <span class='ocrx_word' id='word_1_73' title='bbox 782 893 918 959; x_wconf 85' lang='lat' dir='ltr'>veteres,</span> <span class='ocrx_word' id='word_1_74' title='bbox 943 885 1033 963; x_wconf 90' lang='lat' dir='ltr'>ipsius</span> <span class='ocrx_word' id='word_1_75' title='bbox 1050 886 1097 942; x_wconf 90' lang='lat' dir='ltr'>tri-</span> 
     </span>
     <span class='ocr_line' id='line_1_10' title="bbox 95 966 1098 1046; baseline -0.002 -18"><span class='ocrx_word' id='word_1_76' title='bbox 95 969 149 1028; x_wconf 94' lang='lat' dir='ltr'>bus</span> <span class='ocrx_word' id='word_1_77' title='bbox 165 969 293 1046; x_wconf 90' lang='lat' dir='ltr'>partibus</span> <span class='ocrx_word' id='word_1_78' title='bbox 309 987 371 1029; x_wconf 92' lang='lat' dir='ltr'>cum</span> <span class='ocrx_word' id='word_1_79' title='bbox 389 968 500 1028; x_wconf 91' lang='lat' dir='ltr'>duabus</span> <span class='ocrx_word' id='word_1_80' title='bbox 516 970 646 1029; x_wconf 85' lang='lat' dir='ltr'>aluminis</span> <span class='ocrx_word' id='word_1_81' title='bbox 668 969 695 1027; x_wconf 92' lang='lat' dir='ltr'>in</span> <span class='ocrx_word' id='word_1_82' title='bbox 718 977 802 1028; x_wconf 86' lang='lat' dir='ltr'>aceto</span> <span class='ocrx_word' id='word_1_83' title='bbox 824 970 884 1028; x_wconf 89' lang='lat' dir='ltr'>acri</span> <span class='ocrx_word' id='word_1_84' title='bbox 907 967 1003 1027; x_wconf 91' lang='lat' dir='ltr'>inlitis.</span> <span class='ocrx_word' id='word_1_85' title='bbox 1031 966 1098 1046; x_wconf 85' lang='lat' dir='ltr'>Epi·</span> 
     </span>
     <span class='ocr_line' id='line_1_11' title="bbox 62 1051 1099 1129; baseline -0.005 -15"><span class='ocrx_word' id='word_1_86' title='bbox 62 1051 228 1114; x_wconf 80' lang='lat' dir='ltr'>rocharmus</span> <span class='ocrx_word' id='word_1_87' title='bbox 250 1053 318 1112; x_wconf 91' lang='lat' dir='ltr'>satis</span> <span class='ocrx_word' id='word_1_88' title='bbox 335 1070 403 1112; x_wconf 88' lang='lat' dir='ltr'>esse</span> <span class='ocrx_word' id='word_1_89' title='bbox 422 1070 485 1113; x_wconf 89' lang='lat' dir='ltr'>earn</span> <span class='ocrx_word' id='word_1_90' title='bbox 506 1061 606 1112; x_wconf 94' lang='lat' dir='ltr'>contra</span> <span class='ocrx_word' id='word_1_91' title='bbox 621 1054 699 1113; x_wconf 90' lang='lat' dir='ltr'>canis</span> <span class='ocrx_word' id='word_1_92' title='bbox 717 1052 826 1114; x_wconf 89' lang='lat' dir='ltr'>rabiosi</span> <span class='ocrx_word' id='word_1_93' title='bbox 846 1069 972 1111; x_wconf 91' lang='lat' dir='ltr'>morsum</span> <span class='ocrx_word' id='word_1_94' title='bbox 990 1053 1099 1129; x_wconf 88' lang='lat' dir='ltr'>inponi,</span> 
     </span>
     <span class='ocr_line' id='line_1_12' title="bbox 96 1135 1097 1215; baseline -0.001 -20"><span class='ocrx_word' id='word_1_95' title='bbox 96 1135 199 1195; x_wconf 93' lang='lat' dir='ltr'>melius</span> <span class='ocrx_word' id='word_1_96' title='bbox 214 1137 238 1194; x_wconf 93' lang='lat' dir='ltr'>si</span> <span class='ocrx_word' id='word_1_97' title='bbox 256 1153 319 1195; x_wconf 92' lang='lat' dir='ltr'>cum</span> <span class='ocrx_word' id='word_1_98' title='bbox 336 1137 432 1196; x_wconf 89' lang='lat' dir='ltr'>lasere</span> <span class='ocrx_word' id='word_1_99' title='bbox 448 1145 477 1196; x_wconf 92' lang='lat' dir='ltr'>et</span> <span class='ocrx_word' id='word_1_100' title='bbox 493 1145 577 1197; x_wconf 88' lang='lat' dir='ltr'>aceto</span> <span class='ocrx_word' id='word_1_101' title='bbox 596 1139 672 1214; x_wconf 90' lang='lat' dir='ltr'>acri,</span> <span class='ocrx_word' id='word_1_102' title='bbox 692 1138 790 1196; x_wconf 88' lang='lat' dir='ltr'>necari</span> <span class='ocrx_word' id='word_1_103' title='bbox 811 1153 928 1215; x_wconf 90' lang='lat' dir='ltr'>quoque</span> <span class='ocrx_word' id='word_1_104' title='bbox 948 1153 1036 1196; x_wconf 89' lang='lat' dir='ltr'>canes</span> <span class='ocrx_word' id='word_1_105' title='bbox 1052 1153 1097 1210; x_wconf 90' lang='lat' dir='ltr'>ea,</span> 
     </span>
     <span class='ocr_line' id='line_1_13' title="bbox 96 1220 1097 1280; baseline -0.001 -2"><span class='ocrx_word' id='word_1_106' title='bbox 96 1221 121 1278; x_wconf 91' lang='lat' dir='ltr'>si</span> <span class='ocrx_word' id='word_1_107' title='bbox 137 1220 219 1279; x_wconf 89' lang='lat' dir='ltr'>detur</span> <span class='ocrx_word' id='word_1_108' title='bbox 237 1238 274 1279; x_wconf 90' lang='lat' dir='ltr'>ex</span> <span class='ocrx_word' id='word_1_109' title='bbox 289 1238 386 1280; x_wconf 90' lang='lat' dir='ltr'>carne.</span> <span class='ocrx_word' id='word_1_110' title='bbox 418 1238 517 1279; x_wconf 89' lang='lat' dir='ltr'>semen</span> <span class='ocrx_word' id='word_1_111' title='bbox 538 1222 599 1279; x_wconf 91' lang='lat' dir='ltr'>eius</span> <span class='ocrx_word' id='word_1_112' title='bbox 623 1229 728 1280; x_wconf 89' lang='lat' dir='ltr'>tostum</span> <span class='ocrx_word' id='word_1_113' title='bbox 751 1221 904 1280; x_wconf 91' lang='lat' dir='ltr'>auxiliatur</span> <span class='ocrx_word' id='word_1_114' title='bbox 920 1229 1019 1280; x_wconf 91' lang='lat' dir='ltr'>contra</span> <span class='ocrx_word' id='word_1_115' title='bbox 1037 1237 1097 1278; x_wconf 88' lang='lat' dir='ltr'>ser·</span> 
     </span>
     <span class='ocr_line' id='line_1_14' title="bbox 96 1302 1140 1382; baseline 0.001 -20"><span class='ocrx_word' id='word_1_116' title='bbox 96 1305 200 1381; x_wconf 89' lang='lat' dir='ltr'>peutis,</span> <span class='ocrx_word' id='word_1_117' title='bbox 216 1302 332 1380; x_wconf 86' lang='lat' dir='ltr'>iungas,</span> <span class='ocrx_word' id='word_1_118' title='bbox 349 1304 421 1362; x_wconf 89' lang='lat' dir='ltr'>tauri</span> <span class='ocrx_word' id='word_1_119' title='bbox 437 1305 616 1381; x_wconf 86' lang='lat' dir='ltr'>sauguinem.</span> <span class='ocrx_word' id='word_1_120' title='bbox 650 1304 720 1364; x_wconf 88' lang='lat' dir='ltr'>lolia</span> <span class='ocrx_word' id='word_1_121' title='bbox 736 1313 820 1363; x_wconf 92' lang='lat' dir='ltr'>cocta</span> <span class='ocrx_word' id='word_1_122' title='bbox 836 1303 974 1382; x_wconf 89' lang='lat' dir='ltr'>splenicis</span> <span class='ocrx_word' id='word_1_123' title='bbox 989 1304 1017 1360; x_wconf 90' lang='lat' dir='ltr'>in</span> <span class='ocrx_word' id='word_1_124' title='bbox 1032 1302 1097 1362; x_wconf 91' lang='lat' dir='ltr'>cibo</span> <span class='ocrx_word' id='word_1_125' title='bbox 1107 1309 1140 1363; x_wconf 81' lang='lat'>95</span> 
     </span>
     <span class='ocr_line' id='line_1_15' title="bbox 95 1386 1098 1465; baseline -0.002 -19"><span class='ocrx_word' id='word_1_126' title='bbox 95 1386 160 1446; x_wconf 91' lang='lat' dir='ltr'>data</span> <span class='ocrx_word' id='word_1_127' title='bbox 177 1395 206 1445; x_wconf 91' lang='lat' dir='ltr'>et</span> <span class='ocrx_word' id='word_1_128' title='bbox 222 1386 309 1446; x_wconf 91' lang='lat' dir='ltr'>cruda</span> <span class='ocrx_word' id='word_1_129' title='bbox 323 1386 403 1445; x_wconf 91' lang='lat' dir='ltr'>inlita</span> <span class='ocrx_word' id='word_1_130' title='bbox 419 1404 482 1446; x_wconf 91' lang='lat' dir='ltr'>cum</span> <span class='ocrx_word' id='word_1_131' title='bbox 501 1387 619 1465; x_wconf 90' lang='lat' dir='ltr'>sulpure</span> <span class='ocrx_word' id='word_1_132' title='bbox 635 1396 663 1446; x_wconf 89' lang='lat' dir='ltr'>et</span> <span class='ocrx_word' id='word_1_133' title='bbox 678 1389 752 1446; x_wconf 90' lang='lat' dir='ltr'>nitro</span> <span class='ocrx_word' id='word_1_134' title='bbox 772 1394 908 1465; x_wconf 89' lang='lat' dir='ltr'>prosunt,</span> <span class='ocrx_word' id='word_1_135' title='bbox 930 1388 998 1445; x_wconf 90' lang='lat' dir='ltr'>item</span> <span class='ocrx_word' id='word_1_136' title='bbox 1013 1403 1098 1445; x_wconf 93' lang='lat' dir='ltr'>mam-</span> 
     </span>
     <span class='ocr_line' id='line_1_16' title="bbox 60 1467 1098 1530; baseline -0.002 -2"><span class='ocrx_word' id='word_1_137' title='bbox 60 1489 85 1529; x_wconf 83' lang='lat' dir='ltr'>rs</span> <span class='ocrx_word' id='word_1_138' title='bbox 96 1486 202 1528; x_wconf 90' lang='lat' dir='ltr'>marum</span> <span class='ocrx_word' id='word_1_139' title='bbox 219 1467 350 1528; x_wconf 89' lang='lat' dir='ltr'>duritiae.</span> <span class='ocrx_word' id='word_1_140' title='bbox 376 1469 504 1529; x_wconf 91' lang='lat' dir='ltr'>radicum</span> <span class='ocrx_word' id='word_1_141' title='bbox 521 1470 592 1529; x_wconf 87' lang='lat' dir='ltr'>ciuis</span> <span class='ocrx_word' id='word_1_142' title='bbox 606 1489 679 1530; x_wconf 87' lang='lat' dir='ltr'>uvae</span> <span class='ocrx_word' id='word_1_143' title='bbox 694 1471 723 1528; x_wconf 93' lang='lat' dir='ltr'>iu</span> <span class='ocrx_word' id='word_1_144' title='bbox 739 1469 871 1529; x_wconf 87' lang='lat' dir='ltr'>lancibus</span> <span class='ocrx_word' id='word_1_145' title='bbox 888 1471 1005 1529; x_wconf 91' lang='lat' dir='ltr'>tumenti</span> <span class='ocrx_word' id='word_1_146' title='bbox 1021 1477 1098 1527; x_wconf 92' lang='lat' dir='ltr'>tactu</span> 
     </span>
     <span class='ocr_line' id='line_1_17' title="bbox 94 1550 1098 1631; baseline 0 -20"><span class='ocrx_word' id='word_1_147' title='bbox 94 1552 241 1627; x_wconf 90' lang='lat' dir='ltr'>medetur,</span> <span class='ocrx_word' id='word_1_148' title='bbox 258 1560 287 1610; x_wconf 91' lang='lat' dir='ltr'>et</span> <span class='ocrx_word' id='word_1_149' title='bbox 303 1550 449 1630; x_wconf 90' lang='lat' dir='ltr'>parotidas</span> <span class='ocrx_word' id='word_1_150' title='bbox 468 1571 531 1612; x_wconf 89' lang='lat' dir='ltr'>cum</span> <span class='ocrx_word' id='word_1_151' title='bbox 546 1552 634 1612; x_wconf 89' lang='lat' dir='ltr'>melle</span> <span class='ocrx_word' id='word_1_152' title='bbox 649 1553 746 1612; x_wconf 91' lang='lat' dir='ltr'>inlitus</span> <span class='ocrx_word' id='word_1_153' title='bbox 760 1553 906 1630; x_wconf 89' lang='lat' dir='ltr'>reprimit,</span> <span class='ocrx_word' id='word_1_154' title='bbox 924 1553 1098 1631; x_wconf 90' lang='lat' dir='ltr'>serpentium</span> 
     </span>
     <span class='ocr_line' id='line_1_18' title="bbox 94 1635 1099 1714; baseline -0.001 -21"><span class='ocrx_word' id='word_1_155' title='bbox 94 1652 207 1694; x_wconf 88' lang='lat' dir='ltr'>morsus</span> <span class='ocrx_word' id='word_1_156' title='bbox 224 1643 314 1698; x_wconf 88' lang='lat' dir='ltr'>sanat.</span> <span class='ocrx_word' id='word_1_157' title='bbox 342 1637 443 1695; x_wconf 87' lang='lat' dir='ltr'>virium</span> <span class='ocrx_word' id='word_1_158' title='bbox 458 1635 606 1697; x_wconf 87' lang='lat' dir='ltr'>brassicae</span> <span class='ocrx_word' id='word_1_159' title='bbox 617 1655 702 1696; x_wconf 92' lang='lat' dir='ltr'>unum</span> <span class='ocrx_word' id='word_1_160' title='bbox 717 1645 746 1696; x_wconf 88' lang='lat' dir='ltr'>et</span> <span class='ocrx_word' id='word_1_161' title='bbox 757 1653 889 1714; x_wconf 89' lang='lat' dir='ltr'>magnum</span> <span class='ocrx_word' id='word_1_162' title='bbox 901 1643 1099 1712; x_wconf 82' lang='lat' dir='ltr'>argumentum</span> 
     </span>
     <span class='ocr_line' id='line_1_19' title="bbox 95 1718 1098 1800; baseline -0.001 -23"><span class='ocrx_word' id='word_1_163' title='bbox 95 1718 231 1778; x_wconf 90' lang='lat' dir='ltr'>addemus</span> <span class='ocrx_word' id='word_1_164' title='bbox 253 1718 436 1779; x_wconf 88' lang='lat' dir='ltr'>admirabile:</span> <span class='ocrx_word' id='word_1_165' title='bbox 466 1730 581 1780; x_wconf 87' lang='lat' dir='ltr'>crustae</span> <span class='ocrx_word' id='word_1_166' title='bbox 604 1722 629 1779; x_wconf 94' lang='lat' dir='ltr'>si</span> <span class='ocrx_word' id='word_1_167' title='bbox 652 1728 798 1800; x_wconf 89' lang='lat' dir='ltr'>occupent</span> <span class='ocrx_word' id='word_1_168' title='bbox 820 1721 894 1778; x_wconf 85' lang='lat' dir='ltr'>intus</span> <span class='ocrx_word' id='word_1_169' title='bbox 915 1737 983 1778; x_wconf 89' lang='lat' dir='ltr'>vasa</span> <span class='ocrx_word' id='word_1_170' title='bbox 1005 1720 1098 1778; x_wconf 90' lang='lat' dir='ltr'>omnia</span> 
     </span>
     <span class='ocr_line' id='line_1_20' title="bbox 94 1802 1097 1882; baseline -0.001 -21"><span class='ocrx_word' id='word_1_171' title='bbox 94 1804 122 1861; x_wconf 92' lang='lat' dir='ltr'>iu</span> <span class='ocrx_word' id='word_1_172' title='bbox 139 1802 242 1881; x_wconf 92' lang='lat' dir='ltr'>quibus</span> <span class='ocrx_word' id='word_1_173' title='bbox 261 1821 354 1882; x_wconf 89' lang='lat' dir='ltr'>aquae</span> <span class='ocrx_word' id='word_1_174' title='bbox 369 1804 484 1864; x_wconf 81' lang='lat' dir='ltr'>fervent</span> <span class='ocrx_word' id='word_1_175' title='bbox 498 1806 526 1863; x_wconf 93' lang='lat' dir='ltr'>in</span> <span class='ocrx_word' id='word_1_176' title='bbox 541 1813 648 1864; x_wconf 87' lang='lat' dir='ltr'>tantum</span> <span class='ocrx_word' id='word_1_177' title='bbox 664 1814 695 1864; x_wconf 92' lang='lat' dir='ltr'>ut</span> <span class='ocrx_word' id='word_1_178' title='bbox 711 1822 767 1864; x_wconf 90' lang='lat' dir='ltr'>non</span> <span class='ocrx_word' id='word_1_179' title='bbox 784 1805 819 1862; x_wconf 91' lang='lat' dir='ltr'>sit</span> <span class='ocrx_word' id='word_1_180' title='bbox 835 1803 965 1863; x_wconf 88' lang='lat' dir='ltr'>avellere</span> <span class='ocrx_word' id='word_1_181' title='bbox 985 1822 1052 1878; x_wconf 89' lang='lat' dir='ltr'>eas,</span> <span class='ocrx_word' id='word_1_182' title='bbox 1074 1804 1097 1861; x_wconf 90' lang='lat' dir='ltr'>si</span> 
     </span>
     <span class='ocr_line' id='line_1_21' title="bbox 58 1887 710 1967; baseline -0.002 -19"><span class='ocrx_word' id='word_1_183' title='bbox 58 1909 84 1948; x_wconf 81' lang='lat' dir='ltr'>ao</span> <span class='ocrx_word' id='word_1_184' title='bbox 96 1887 225 1947; x_wconf 89' lang='lat' dir='ltr'>brassica</span> <span class='ocrx_word' id='word_1_185' title='bbox 240 1889 268 1947; x_wconf 90' lang='lat' dir='ltr'>in</span> <span class='ocrx_word' id='word_1_186' title='bbox 283 1889 317 1946; x_wconf 92' lang='lat' dir='ltr'>iis</span> <span class='ocrx_word' id='word_1_187' title='bbox 334 1888 523 1967; x_wconf 85' lang='lat' dir='ltr'>decoquatur,</span> <span class='ocrx_word' id='word_1_188' title='bbox 542 1888 710 1948; x_wconf 88' lang='lat' dir='ltr'>abscedunt.</span> 
     </span>
    </p>

    <p class='ocr_par' dir='ltr' id='par_1_3' title="bbox 93 1969 1140 2215">
     <span class='ocr_line' id='line_1_22' title="bbox 159 1969 1140 2054; baseline -0.003 -22"><span class='ocrx_word' id='word_1_189' title='bbox 159 1969 240 2054; x_wconf 88' lang='grc'>(37.)</span> <span class='ocrx_word' id='word_1_190' title='bbox 258 1971 336 2033; x_wconf 91' lang='lat' dir='ltr'>lnter</span> <span class='ocrx_word' id='word_1_191' title='bbox 352 1972 493 2032; x_wconf 89' lang='lat' dir='ltr'>silvestris</span> <span class='ocrx_word' id='word_1_192' title='bbox 510 1972 656 2033; x_wconf 90' lang='lat' dir='ltr'>brassicas</span> <span class='ocrx_word' id='word_1_193' title='bbox 680 1981 708 2031; x_wconf 92' lang='lat' dir='ltr'>et</span> <span class='ocrx_word' id='word_1_194' title='bbox 732 1972 850 2051; x_wconf 90' lang='lat' dir='ltr'>lapsana</span> <span class='ocrx_word' id='word_1_195' title='bbox 867 1978 912 2030; x_wconf 91' lang='lat' dir='ltr'>est</span> <span class='ocrx_word' id='word_1_196' title='bbox 928 1969 1040 2048; x_wconf 90' lang='lat' dir='ltr'>pedalis</span> <span class='ocrx_word' id='word_1_197' title='bbox 1057 1969 1096 2028; x_wconf 91' lang='lat' dir='ltr'>al·</span> <span class='ocrx_word' id='word_1_198' title='bbox 1107 1974 1140 2029; x_wconf 80' lang='lat'>96</span> 
     </span>
     <span class='ocr_line' id='line_1_23' title="bbox 93 2053 1099 2134; baseline -0.002 -21"><span class='ocrx_word' id='word_1_199' title='bbox 93 2055 230 2131; x_wconf 89' lang='lat' dir='ltr'>titudine,</span> <span class='ocrx_word' id='word_1_200' title='bbox 259 2057 377 2116; x_wconf 90' lang='lat' dir='ltr'>hirsutis</span> <span class='ocrx_word' id='word_1_201' title='bbox 399 2056 494 2132; x_wconf 83' lang='lat' dir='ltr'>foliis,</span> <span class='ocrx_word' id='word_1_202' title='bbox 525 2057 617 2134; x_wconf 87' lang='lat' dir='ltr'>sinapi</span> <span class='ocrx_word' id='word_1_203' title='bbox 642 2056 759 2131; x_wconf 89' lang='lat' dir='ltr'>similis,</span> <span class='ocrx_word' id='word_1_204' title='bbox 787 2057 841 2115; x_wconf 90' lang='lat' dir='ltr'>nisi</span> <span class='ocrx_word' id='word_1_205' title='bbox 858 2053 1005 2114; x_wconf 90' lang='lat' dir='ltr'>candidior</span> <span class='ocrx_word' id='word_1_206' title='bbox 1020 2062 1099 2112; x_wconf 89' lang='lat' dir='ltr'>esset</span> 
     </span>
     <span class='ocr_line' id='line_1_24' title="bbox 93 2137 861 2215; baseline -0.003 -18"><span class='ocrx_word' id='word_1_207' title='bbox 93 2138 177 2197; x_wconf 89' lang='lat' dir='ltr'>llore.</span> <span class='ocrx_word' id='word_1_208' title='bbox 213 2140 345 2215; x_wconf 85' lang='lat' dir='ltr'>coquitur</span> <span class='ocrx_word' id='word_1_209' title='bbox 358 2140 387 2197; x_wconf 94' lang='lat' dir='ltr'>in</span> <span class='ocrx_word' id='word_1_210' title='bbox 401 2137 484 2214; x_wconf 88' lang='lat' dir='ltr'>cibo,</span> <span class='ocrx_word' id='word_1_211' title='bbox 518 2139 614 2198; x_wconf 87' lang='lat' dir='ltr'>alvom</span> <span class='ocrx_word' id='word_1_212' title='bbox 631 2139 701 2198; x_wconf 89' lang='lat' dir='ltr'>lenit</span> <span class='ocrx_word' id='word_1_213' title='bbox 717 2149 746 2198; x_wconf 92' lang='lat' dir='ltr'>et</span> <span class='ocrx_word' id='word_1_214' title='bbox 759 2138 861 2198; x_wconf 92' lang='lat' dir='ltr'>mollit.</span> 
     </span>
    </p>

    <p class='ocr_par' dir='ltr' id='par_1_4' title="bbox 155 2218 1097 2304">
     <span class='ocr_line' id='line_1_25' title="bbox 155 2218 1097 2304; baseline -0.007 -21"><span class='ocrx_word' id='word_1_215' title='bbox 155 2218 235 2304; x_wconf 85' lang='lat'>(38.)</span> <span class='ocrx_word' id='word_1_216' title='bbox 254 2220 361 2279; x_wconf 87' lang='lat' dir='ltr'>llarina</span> <span class='ocrx_word' id='word_1_217' title='bbox 377 2220 508 2280; x_wconf 91' lang='lat' dir='ltr'>brassica</span> <span class='ocrx_word' id='word_1_218' title='bbox 521 2221 775 2280; x_wconf 90' lang='lat' dir='ltr'>vehementissime</span> <span class='ocrx_word' id='word_1_219' title='bbox 794 2238 832 2279; x_wconf 95' lang='lat' dir='ltr'>ex</span> <span class='ocrx_word' id='word_1_220' title='bbox 854 2219 983 2278; x_wconf 92' lang='lat' dir='ltr'>omnibus</span> <span class='ocrx_word' id='word_1_221' title='bbox 1003 2218 1097 2277; x_wconf 90' lang='lat' dir='ltr'>alvom</span> 
     </span>
    </p>

    <p class='ocr_par' dir='ltr' id='par_1_5' title="bbox 57 2303 1097 2448">
     <span class='ocr_line' id='line_1_26' title="bbox 57 2303 1097 2382; baseline -0.002 -22"><span class='ocrx_word' id='word_1_222' title='bbox 57 2323 83 2361; x_wconf 79' lang='lat' dir='ltr'>aa</span> <span class='ocrx_word' id='word_1_223' title='bbox 98 2305 164 2364; x_wconf 88' lang='lat' dir='ltr'>ciet.</span> <span class='ocrx_word' id='word_1_224' title='bbox 199 2305 331 2382; x_wconf 87' lang='lat' dir='ltr'>coquitur</span> <span class='ocrx_word' id='word_1_225' title='bbox 355 2312 478 2382; x_wconf 92' lang='lat' dir='ltr'>propter</span> <span class='ocrx_word' id='word_1_226' title='bbox 503 2305 686 2363; x_wconf 86' lang='lat' dir='ltr'>acrimoniam</span> <span class='ocrx_word' id='word_1_227' title='bbox 709 2321 772 2362; x_wconf 93' lang='lat' dir='ltr'>cum</span> <span class='ocrx_word' id='word_1_228' title='bbox 794 2303 892 2381; x_wconf 88' lang='lat' dir='ltr'>pingui</span> <span class='ocrx_word' id='word_1_229' title='bbox 914 2319 1017 2378; x_wconf 88' lang='lat' dir='ltr'>carne,</span> <span class='ocrx_word' id='word_1_230' title='bbox 1039 2310 1097 2359; x_wconf 90' lang='lat' dir='ltr'>sto-</span> 
     </span>
     <span class='ocr_line' id='line_1_27' title="bbox 93 2388 417 2448; baseline 0.003 -1"><span class='ocrx_word' id='word_1_231' title='bbox 93 2388 196 2447; x_wconf 91' lang='lat' dir='ltr'>macho</span> <span class='ocrx_word' id='word_1_232' title='bbox 214 2389 417 2448; x_wconf 91' lang='lat' dir='ltr'>inimicissima.</span> 
     </span>
    </p>

    <p class='ocr_par' dir='ltr' id='par_1_6' title="bbox 94 2465 1140 2716">
     <span class='ocr_line' id='line_1_28' title="bbox 155 2465 1140 2551; baseline -0.007 -17"><span class='ocrx_word' id='word_1_233' title='bbox 155 2472 238 2551; x_wconf 82' lang='lat'>(39.)</span> <span class='ocrx_word' id='word_1_234' title='bbox 263 2472 415 2532; x_wconf 91' lang='lat' dir='ltr'>Scillarum</span> <span class='ocrx_word' id='word_1_235' title='bbox 430 2473 459 2530; x_wconf 91' lang='lat' dir='ltr'>in</span> <span class='ocrx_word' id='word_1_236' title='bbox 476 2471 617 2532; x_wconf 90' lang='lat' dir='ltr'>medicina</span> <span class='ocrx_word' id='word_1_237' title='bbox 633 2470 698 2530; x_wconf 90' lang='lat' dir='ltr'>alba</span> <span class='ocrx_word' id='word_1_238' title='bbox 716 2479 761 2529; x_wconf 91' lang='lat' dir='ltr'>est</span> <span class='ocrx_word' id='word_1_239' title='bbox 776 2465 816 2506; x_wconf 64' lang='lat' dir='ltr'>*t</span> <span class='ocrx_word' id='word_1_240' title='bbox 839 2468 963 2528; x_wconf 83' lang='lat' dir='ltr'>feminae</span> <span class='ocrx_word' id='word_1_241' title='bbox 984 2467 1096 2542; x_wconf 84' lang='lat' dir='ltr'>nigrae.</span> <span class='ocrx_word' id='word_1_242' title='bbox 1108 2472 1140 2527; x_wconf 83' lang='lat' dir='ltr'>et</span> 
     </span>
     <span class='ocr_line' id='line_1_29' title="bbox 94 2549 1098 2634; baseline -0.006 -20"><span class='ocrx_word' id='word_1_243' title='bbox 94 2573 169 2634; x_wconf 90' lang='lat' dir='ltr'>quae</span> <span class='ocrx_word' id='word_1_244' title='bbox 191 2555 390 2615; x_wconf 91' lang='lat' dir='ltr'>candidissima</span> <span class='ocrx_word' id='word_1_245' title='bbox 413 2554 498 2614; x_wconf 83' lang='lat' dir='ltr'>luerit</span> <span class='ocrx_word' id='word_1_246' title='bbox 519 2555 668 2614; x_wconf 91' lang='lat' dir='ltr'>utilissima</span> <span class='ocrx_word' id='word_1_247' title='bbox 691 2555 754 2612; x_wconf 90' lang='lat' dir='ltr'>erit.</span> <span class='ocrx_word' id='word_1_248' title='bbox 791 2553 857 2612; x_wconf 87' lang='lat' dir='ltr'>huic</span> <span class='ocrx_word' id='word_1_249' title='bbox 880 2549 967 2610; x_wconf 91' lang='lat' dir='ltr'>aridis</span> <span class='ocrx_word' id='word_1_250' title='bbox 995 2552 1098 2609; x_wconf 90' lang='lat' dir='ltr'>tunicis</span> 
     </span>
     <span class='ocr_line' id='line_1_30' title="bbox 94 2633 1098 2716; baseline -0.006 -18"><span class='ocrx_word' id='word_1_251' title='bbox 94 2640 215 2716; x_wconf 87' lang='lat' dir='ltr'>direptis</span> <span class='ocrx_word' id='word_1_252' title='bbox 230 2638 307 2716; x_wconf 94' lang='lat' dir='ltr'>quod</span> <span class='ocrx_word' id='word_1_253' title='bbox 324 2639 467 2716; x_wconf 89' lang='lat' dir='ltr'>reliquom</span> <span class='ocrx_word' id='word_1_254' title='bbox 484 2639 579 2697; x_wconf 86' lang='lat' dir='ltr'>evivo</span> <span class='ocrx_word' id='word_1_255' title='bbox 597 2646 642 2697; x_wconf 91' lang='lat' dir='ltr'>est</span> <span class='ocrx_word' id='word_1_256' title='bbox 657 2645 822 2696; x_wconf 89' lang='lat' dir='ltr'>consectum</span> <span class='ocrx_word' id='word_1_257' title='bbox 835 2633 1020 2713; x_wconf 86' lang='lat' dir='ltr'>suspenditur</span> <span class='ocrx_word' id='word_1_258' title='bbox 1039 2634 1098 2693; x_wconf 89' lang='lat' dir='ltr'>lino</span> 
     </span>
    </p>

    <p class='ocr_par' dir='ltr' id='par_1_7' title="bbox 57 2719 1142 3135">
     <span class='ocr_line' id='line_1_31' title="bbox 57 2719 1099 2800; baseline -0.007 -18"><span class='ocrx_word' id='word_1_259' title='bbox 57 2722 214 2782; x_wconf 86' lang='lat' dir='ltr'>aomodicis</span> <span class='ocrx_word' id='word_1_260' title='bbox 229 2721 399 2781; x_wconf 87' lang='lat' dir='ltr'>intervallis.</span> <span class='ocrx_word' id='word_1_261' title='bbox 429 2730 533 2800; x_wconf 90' lang='lat' dir='ltr'>postea</span> <span class='ocrx_word' id='word_1_262' title='bbox 551 2722 629 2781; x_wconf 91' lang='lat' dir='ltr'>arida</span> <span class='ocrx_word' id='word_1_263' title='bbox 649 2719 739 2781; x_wconf 84' lang='lat' dir='ltr'>frusta</span> <span class='ocrx_word' id='word_1_264' title='bbox 761 2721 790 2778; x_wconf 90' lang='lat' dir='ltr'>iu</span> <span class='ocrx_word' id='word_1_265' title='bbox 806 2719 906 2779; x_wconf 89' lang='lat' dir='ltr'>cadum</span> <span class='ocrx_word' id='word_1_266' title='bbox 924 2719 999 2777; x_wconf 90' lang='lat' dir='ltr'>aceti</span> <span class='ocrx_word' id='word_1_267' title='bbox 1015 2735 1099 2795; x_wconf 89' lang='lat' dir='ltr'>quam</span> 
     </span>
     <span class='ocr_line' id='line_1_32' title="bbox 93 2799 1097 2884; baseline -0.008 -18"><span class='ocrx_word' id='word_1_268' title='bbox 93 2807 245 2883; x_wconf 90' lang='lat' dir='ltr'>asperrimi</span> <span class='ocrx_word' id='word_1_269' title='bbox 260 2805 414 2884; x_wconf 90' lang='lat' dir='ltr'>pendentia</span> <span class='ocrx_word' id='word_1_270' title='bbox 430 2807 626 2882; x_wconf 78' lang='lat' dir='ltr'>inmerguntur</span> <span class='ocrx_word' id='word_1_271' title='bbox 640 2799 678 2864; x_wconf 84' lang='lat' dir='ltr'>ital</span> <span class='ocrx_word' id='word_1_272' title='bbox 693 2823 729 2863; x_wconf 89' lang='lat' dir='ltr'>ne</span> <span class='ocrx_word' id='word_1_273' title='bbox 746 2803 804 2864; x_wconf 93' lang='lat' dir='ltr'>ulla</span> <span class='ocrx_word' id='word_1_274' title='bbox 820 2812 902 2881; x_wconf 86' lang='lat' dir='ltr'>parte</span> <span class='ocrx_word' id='word_1_275' title='bbox 917 2819 969 2860; x_wconf 85' lang='lat' dir='ltr'>vas</span> <span class='ocrx_word' id='word_1_276' title='bbox 989 2802 1097 2859; x_wconf 91' lang='lat' dir='ltr'>contin·</span> 
     </span>
     <span class='ocr_line' id='line_1_33' title="bbox 93 2882 1142 2967; baseline -0.006 -19"><span class='ocrx_word' id='word_1_277' title='bbox 93 2887 172 2967; x_wconf 84' lang='lat' dir='ltr'>gant.</span> <span class='ocrx_word' id='word_1_278' title='bbox 201 2888 259 2948; x_wconf 94' lang='lat' dir='ltr'>hoc</span> <span class='ocrx_word' id='word_1_279' title='bbox 279 2889 309 2948; x_wconf 90' lang='lat' dir='ltr'>iit</span> <span class='ocrx_word' id='word_1_280' title='bbox 324 2897 390 2949; x_wconf 89' lang='lat' dir='ltr'>ante</span> <span class='ocrx_word' id='word_1_281' title='bbox 404 2889 573 2965; x_wconf 90' lang='lat' dir='ltr'>solstitium,</span> <span class='ocrx_word' id='word_1_282' title='bbox 596 2888 699 2948; x_wconf 91' lang='lat' dir='ltr'>diebus</span> <span class='ocrx_word' id='word_1_283' title='bbox 717 2900 840 2947; x_wconf 77' lang='lat' dir='ltr'>xnvnr.</span> <span class='ocrx_word' id='word_1_284' title='bbox 876 2902 970 2963; x_wconf 76' lang='lat' dir='ltr'>gypso</span> <span class='ocrx_word' id='word_1_285' title='bbox 993 2882 1142 2943; x_wconf 81' lang='lat' dir='ltr'>deinde98</span> 
     </span>
     <span class='ocr_line' id='line_1_34' title="bbox 94 2969 1098 3052; baseline -0.007 -20"><span class='ocrx_word' id='word_1_286' title='bbox 94 2972 199 3032; x_wconf 89' lang='lat' dir='ltr'>oblitus</span> <span class='ocrx_word' id='word_1_287' title='bbox 216 2972 304 3033; x_wconf 92' lang='lat' dir='ltr'>cadus</span> <span class='ocrx_word' id='word_1_288' title='bbox 321 2973 436 3052; x_wconf 90' lang='lat' dir='ltr'>ponitur</span> <span class='ocrx_word' id='word_1_289' title='bbox 458 2973 512 3033; x_wconf 91' lang='lat' dir='ltr'>sub</span> <span class='ocrx_word' id='word_1_290' title='bbox 530 2973 636 3048; x_wconf 88' lang='lat' dir='ltr'>tegulis</span> <span class='ocrx_word' id='word_1_291' title='bbox 655 2973 743 3031; x_wconf 91' lang='lat' dir='ltr'>totius</span> <span class='ocrx_word' id='word_1_292' title='bbox 760 2971 817 3030; x_wconf 89' lang='lat' dir='ltr'>diei</span> <span class='ocrx_word' id='word_1_293' title='bbox 839 2970 931 3029; x_wconf 89' lang='lat' dir='ltr'>solem</span> <span class='ocrx_word' id='word_1_294' title='bbox 954 2969 1098 3045; x_wconf 91' lang='lat' dir='ltr'>accipien-</span> 
     </span>
     <span class='ocr_line' id='line_1_35' title="bbox 92 3053 1097 3135; baseline -0.007 -19"><span class='ocrx_word' id='word_1_295' title='bbox 92 3055 179 3116; x_wconf 92' lang='lat' dir='ltr'>tibus.</span> <span class='ocrx_word' id='word_1_296' title='bbox 212 3065 280 3135; x_wconf 92' lang='lat' dir='ltr'>post</span> <span class='ocrx_word' id='word_1_297' title='bbox 292 3074 356 3116; x_wconf 93' lang='lat' dir='ltr'>eum</span> <span class='ocrx_word' id='word_1_298' title='bbox 371 3073 518 3115; x_wconf 89' lang='lat' dir='ltr'>numerum</span> <span class='ocrx_word' id='word_1_299' title='bbox 534 3056 644 3116; x_wconf 90' lang='lat' dir='ltr'>dierum</span> <span class='ocrx_word' id='word_1_300' title='bbox 655 3055 765 3115; x_wconf 92' lang='lat' dir='ltr'>tollitur</span> <span class='ocrx_word' id='word_1_301' title='bbox 778 3071 841 3130; x_wconf 86' lang='lat' dir='ltr'>vas,</span> <span class='ocrx_word' id='word_1_302' title='bbox 858 3053 941 3112; x_wconf 90' lang='lat' dir='ltr'>scilla</span> <span class='ocrx_word' id='word_1_303' title='bbox 955 3053 1097 3124; x_wconf 83' lang='lat' dir='ltr'>eximitur,</span> 
     </span>
    </p>

    <p class='ocr_par' dir='ltr' id='par_1_8' title="bbox 56 3134 1140 3469">
     <span class='ocr_line' id='line_1_36' title="bbox 56 3134 1097 3208; baseline -0.008 -8"><span class='ocrx_word' id='word_1_304' title='bbox 56 3159 83 3200; x_wconf 80' lang='lat' dir='ltr'>as</span> <span class='ocrx_word' id='word_1_305' title='bbox 94 3149 207 3200; x_wconf 91' lang='lat' dir='ltr'>acetum</span> <span class='ocrx_word' id='word_1_306' title='bbox 229 3139 443 3200; x_wconf 81' lang='lat' dir='ltr'>transfunditur.</span> <span class='ocrx_word' id='word_1_307' title='bbox 472 3138 529 3198; x_wconf 92' lang='lat' dir='ltr'>hoc</span> <span class='ocrx_word' id='word_1_308' title='bbox 552 3139 705 3198; x_wconf 89' lang='lat' dir='ltr'>clariorem</span> <span class='ocrx_word' id='word_1_309' title='bbox 728 3138 877 3198; x_wconf 89' lang='lat' dir='ltr'>oculorum</span> <span class='ocrx_word' id='word_1_310' title='bbox 905 3137 996 3195; x_wconf 86' lang='lat' dir='ltr'>aciem</span> <span class='ocrx_word' id='word_1_311' title='bbox 1017 3134 1097 3208; x_wconf 84' lang='lat' dir='ltr'>facit,</span> 
     </span>
     <span class='ocr_line' id='line_1_37' title="bbox 93 3219 1096 3302; baseline -0.007 -19"><span class='ocrx_word' id='word_1_312' title='bbox 93 3224 218 3285; x_wconf 91' lang='lat' dir='ltr'>salutare</span> <span class='ocrx_word' id='word_1_313' title='bbox 245 3234 290 3284; x_wconf 87' lang='lat' dir='ltr'>est</span> <span class='ocrx_word' id='word_1_314' title='bbox 319 3223 458 3284; x_wconf 90' lang='lat' dir='ltr'>stomachi</span> <span class='ocrx_word' id='word_1_315' title='bbox 487 3223 668 3302; x_wconf 90' lang='lat' dir='ltr'>laterumque</span> <span class='ocrx_word' id='word_1_316' title='bbox 696 3221 845 3282; x_wconf 93' lang='lat' dir='ltr'>doloribus</span> <span class='ocrx_word' id='word_1_317' title='bbox 876 3219 984 3281; x_wconf 81' lang='lat' dir='ltr'>diebus</span> <span class='ocrx_word' id='word_1_318' title='bbox 1012 3219 1096 3290; x_wconf 85' lang='lat' dir='ltr'>binis,</span> 
     </span>
     <span class='ocr_line' id='line_1_38' title="bbox 93 3304 1096 3386; baseline -0.007 -22"><span class='ocrx_word' id='word_1_319' title='bbox 93 3317 243 3386; x_wconf 90' lang='lat' dir='ltr'>sumptum.</span> <span class='ocrx_word' id='word_1_320' title='bbox 277 3309 330 3369; x_wconf 91' lang='lat' dir='ltr'>sed</span> <span class='ocrx_word' id='word_1_321' title='bbox 353 3317 430 3368; x_wconf 88' lang='lat' dir='ltr'>tanta</span> <span class='ocrx_word' id='word_1_322' title='bbox 453 3307 497 3366; x_wconf 91' lang='lat' dir='ltr'>vis</span> <span class='ocrx_word' id='word_1_323' title='bbox 526 3314 571 3365; x_wconf 93' lang='lat' dir='ltr'>est</span> <span class='ocrx_word' id='word_1_324' title='bbox 593 3315 625 3365; x_wconf 89' lang='lat' dir='ltr'>ut</span> <span class='ocrx_word' id='word_1_325' title='bbox 651 3305 761 3366; x_wconf 86' lang='lat' dir='ltr'>avidius</span> <span class='ocrx_word' id='word_1_326' title='bbox 782 3304 915 3366; x_wconf 90' lang='lat' dir='ltr'>haustum</span> <span class='ocrx_word' id='word_1_327' title='bbox 938 3304 1096 3363; x_wconf 85' lang='lat' dir='ltr'>exstinctae</span> 
     </span>
     <span class='ocr_line' id='line_1_39' title="bbox 94 3384 1140 3469; baseline 0 -22"><span class='ocrx_word' id='word_1_328' title='bbox 94 3390 204 3451; x_wconf 88' lang='lat' dir='ltr'>animae</span> <span class='ocrx_word' id='word_1_329' title='bbox 220 3401 364 3454; x_wconf 87' lang='lat' dir='ltr'>momento</span> <span class='ocrx_word' id='word_1_330' title='bbox 381 3392 479 3469; x_wconf 90' lang='lat' dir='ltr'>aliquo</span> <span class='ocrx_word' id='word_1_331' title='bbox 496 3390 625 3469; x_wconf 91' lang='lat' dir='ltr'>speciem</span> <span class='ocrx_word' id='word_1_332' title='bbox 639 3390 790 3468; x_wconf 89' lang='lat' dir='ltr'>praebeat.</span> <span class='ocrx_word' id='word_1_333' title='bbox 818 3389 938 3467; x_wconf 92' lang='lat' dir='ltr'>prodest</span> <span class='ocrx_word' id='word_1_334' title='bbox 961 3395 989 3445; x_wconf 87' lang='lat' dir='ltr'>et</span> <span class='ocrx_word' id='word_1_335' title='bbox 1004 3384 1095 3461; x_wconf 89' lang='lat' dir='ltr'>gingi-</span> <span class='ocrx_word' id='word_1_336' title='bbox 1105 3390 1140 3446; x_wconf 84' lang='grc'>99</span> 
     </span>
    </p>
   </div>
   <div class='ocr_carea' id='block_1_3' title="bbox 833 3612 1104 3723">
    <p class='ocr_par' dir='ltr' id='par_1_9' title="bbox 833 3612 1104 3723">
     <span class='ocr_line' id='line_1_40' title="bbox 833 3612 1093 3651; baseline 0.015 -4"><span class='ocrx_word' id='word_1_337' title='bbox 833 3634 839 3647; x_wconf 74' lang='lat' dir='ltr'>J</span> <span class='ocrx_word' id='word_1_338' title='bbox 876 3630 881 3643; x_wconf 75' lang='lat'><strong>¹</strong></span> <span class='ocrx_word' id='word_1_339' title='bbox 914 3626 948 3649; x_wconf 48' lang='grc' dir='ltr'>ι’*</span> <span class='ocrx_word' id='word_1_340' title='bbox 967 3616 1005 3633; x_wconf 52' lang='lat'>¹³⁴</span> <span class='ocrx_word' id='word_1_341' title='bbox 1035 3616 1059 3651; x_wconf 57' lang='grc' dir='ltr'>ἰι·</span> <span class='ocrx_word' id='word_1_342' title='bbox 1078 3612 1093 3634; x_wconf 29' lang='grc' dir='ltr'>’ἰ</span> 
     </span>
     <span class='ocr_line' id='line_1_41' title="bbox 840 3648 1090 3679; baseline -0.004 0"><span class='ocrx_word' id='word_1_343' title='bbox 840 3660 844 3671; x_wconf 84' lang='lat'>¹</span> <span class='ocrx_word' id='word_1_344' title='bbox 881 3656 887 3669; x_wconf 81' lang='lat'>’</span> <span class='ocrx_word' id='word_1_345' title='bbox 915 3666 923 3679; x_wconf 70' lang='lat' dir='ltr'>a</span> <span class='ocrx_word' id='word_1_346' title='bbox 955 3648 1001 3678; x_wconf 43' lang='lat' dir='ltr'>fv)</span> <span class='ocrx_word' id='word_1_347' title='bbox 1056 3654 1090 3678; x_wconf 78' lang='lat'>»&#39;&#39;</span> 
     </span>
     <span class='ocr_line' id='line_1_42' title="bbox 890 3676 1104 3723; baseline 0.005 -3"><span class='ocrx_word' id='word_1_348' title='bbox 890 3691 896 3704; x_wconf 72' lang='lat'>⁸</span> <span class='ocrx_word' id='word_1_349' title='bbox 929 3678 995 3723; x_wconf 33' lang='lat' dir='ltr'>&#39;r&#39;ba</span> <span class='ocrx_word' id='word_1_350' title='bbox 1076 3676 1104 3721; x_wconf 47' lang='grc' dir='ltr'>ὁ</span> 
     </span>
    </p>
   </div>
   <div class='ocr_carea' id='block_1_4' title="bbox 0 0 1216 3840">
    <p class='ocr_par' dir='ltr' id='par_1_10' title="bbox 0 0 1216 3840">
     <span class='ocr_line' id='line_1_43' title="bbox 0 0 1216 3840; baseline 0 1"><span class='ocrx_word' id='word_1_351' title='bbox 0 0 1216 3840; x_wconf 95' lang='lat' dir='ltr'> </span> 
     </span>
    </p>
   </div>
  </div>
 </body>
</html>
