2422 3840
133 190 176 254 90
474 196 796 249 cummsuouum‘

135 366 219 436 parte
242 354 321 414 orbis
347 355 432 413 etiam
454 354 567 430 pluvias
590 355 714 412 autumni
737 371 827 432 aquas
850 351 964 410 erivare
987 353 1138 411 convenit.

139 443 217 501 circa
237 439 317 498 canis
336 447 429 496 ortum
446 439 527 514 rigua
544 454 676 495 maxume
694 445 814 515 prosunt
833 453 869 496 ac
889 452 926 493 ne
944 444 1001 495 tum
1020 435 1141 513 quidem

136 526 239 597 nimia,
260 523 394 601 quoniam
405 520 554 579 inebriatis
571 520 716 579 radicibus
735 529 850 579 nocent.
885 527 915 577 et
928 519 1141 579 aetasmudurn

137 615 295 685 temperat,
313 606 448 664 novellae
463 605 537 662 enim
548 605 639 662 minus
651 605 757 662 sitiunt.
791 601 958 662 desiderant
968 611 1065 662 autem
1076 621 1140 683 ‚ma-

137 709 223 750 xumo
242 691 330 766 rigari
352 706 426 766 quae
445 688 624 762 adsuevere,
649 697 749 747 contra
767 686 854 746 siccis
872 685 946 744 locis
964 687 1064 762 genita
1077 702 1161 745 nont

137 783 277 852 expetunt
288 790 416 831 umorem
428 773 482 830 nisi
493 770 700 831 necessarium.

92 871 147 922 250
207 859 291 936 (41.)
312 857 474 934 Asperiora
485 855 550 912 vina
563 855 650 930 rigari
661 856 760 931 utique
772 854 890 932 cupiunt
901 853 929 911 in
941 853 1138 913 Sulmonense

137 942 237 1002 ltaliae
255 957 344 1017 agro,
368 955 444 1015 pago
460 936 603 1010 Fabiano,
620 937 668 996 ubi
692 947 721 996 et
740 954 809 997 arva
828 937 930 1013 rigant.
964 938 1139 1014 mirumque,

137 1025 246 1085 herbae
260 1041 333 1100 aqna
349 1022 399 1081 illa
422 1029 577 1095 necantur,
592 1021 693 1097 fruges
710 1021 822 1081 aluntur
840 1029 870 1079 et
886 1020 985 1096 riguus
1003 1037 1058 1098 pro
1076 1038 1139 1080 sar-

139 1109 205 1168 culo
217 1116 272 1166 est.
307 1108 334 1165 in
347 1104 451 1163 eodem
464 1120 544 1180 agro⁵
550 1103 660 1180 bruma,
673 1113 751 1164 tanto
763 1104 856 1180 magis
869 1103 893 1161 si
906 1105 989 1163 nives
1005 1113 1140 1164 scateant
1148 1122 1174 1162 ro

139 1191 269 1268 geletve,
288 1208 324 1247 ne
340 1188 433 1263 frigus
445 1188 511 1246 vitis
523 1187 633 1262 adurat,
649 1187 877 1247 circumfundunt
888 1189 989 1264 riguis,
1007 1187 1139 1264 quodibi

137 1273 269 1351 tepidare
281 1280 396 1345 vocant,
410 1270 589 1330 memorabili
601 1280 702 1331 natura
719 1273 747 1330 in
765 1288 848 1330 amne
864 1269 947 1347 solis,
965 1271 1069 1330 eodem
1087 1289 1138 1331 ae-

139 1365 214 1416 state
226 1357 274 1414 vix
286 1354 430 1415 tolerandi
440 1355 556 1431 rigoris.

95 1450 148 1503 251
216 1439 265 1498 27.
294 1438 376 1517 (42.)
401 1436 575 1498 Carbunculi
591 1457 626 1499 ac
644 1439 805 1516 robiginum
817 1439 944 1499 remedia
956 1438 1138 1499 demonstra·

99 1522 432 1598 ¹⁸gt⁹2bimusv01umrne
446 1539 597 1600 proxumo.
619 1525 731 1587 interim
749 1531 795 1582 est
806 1522 982 1600 scariphatio
995 1522 1172 1601 quaedamst

141 1610 169 1667 in
183 1608 331 1682 remediis,
341 1625 405 1666 cum
416 1608 508 1665 macie
521 1608 638 1666 corticis
656 1625 694 1666 ex
704 1605 884 1684 aegritudine
892 1605 1090 1683 adstringente
1103 1625 1137 1666 se

139 1694 274 1770 iustoque
300 1692 367 1769 plus
391 1689 489 1751 vitalia
515 1689 650 1750 arborum
676 1692 872 1768 conprimente
897 1699 1027 1750 exactam
1053 1690 1138 1750 lalcis

139 1776 231 1835 aciem
244 1784 365 1850 utraque
377 1791 459 1832 manu
472 1774 658 1850 inprimentes
675 1775 826 1852 perpetuis
842 1774 974 1832 incisuris
991 1773 1140 1833 deducunt

140 1876 175 1917 ac
187 1857 276 1916 veluti
291 1866 385 1915 cutem
398 1856 503 1915 laxant.
528 1857 655 1916 salutare
665 1856 694 1916 id
705 1856 796 1915 luisse
809 1865 976 1934 argumento
989 1865 1054 1916 sunt
1066 1856 1138 1916 dila·

106 1948 107 1952 ’
140 1950 216 1999 tatae
234 1940 385 1998 cicatrices
403 1947 432 1996 et
444 1940 586 1999 internato
601 1956 727 2018 corpore
740 1939 886 2018 expletae.
1147 1961 1173 2000 ro

95 2034 149 2086 252
217 2022 300 2101 (43.)
331 2020 492 2098 Magnaque
509 2040 545 2081 ex
563 2031 646 2101 parte
664 2023 764 2083 similis
786 2023 930 2083 hominum
948 2023 1090 2083 medicina
1108 2032 1139 2082 et

140 2105 274 2165 arborum
291 2114 350 2180 est,
370 2106 484 2183 quaudo
497 2124 594 2166 earum
606 2124 723 2185 quoque
735 2107 917 2166 terebrantur
930 2124 1007 2166 ossa.
1037 2124 1138 2184 amyg-

141 2190 224 2250 dalae
237 2209 274 2249 ex
286 2192 389 2249 amaris
402 2189 503 2249 dulces
522 2190 606 2266 liunt,
626 2192 651 2250 si
664 2191 854 2250 circumfosso
873 2191 971 2267 stipite
989 2199 1018 2249 et
1034 2189 1070 2249 ab
1082 2191 1139 2248 ima

139 2283 222 2352 parte
246 2273 448 2333 circumforato
471 2273 601 2334 deducns
627 2276 727 2353 pituita
747 2273 959 2349 abstergeatur.
1001 2281 1030 2331 et
1053 2271 1139 2331 ulmis

140 2357 298 2418 detrahitur
310 2375 396 2416 sucus
407 2358 524 2435 inutilis,
536 2375 624 2435 supra
636 2368 742 2416 terram
754 2358 855 2417 foratis
867 2375 959 2434 usque
978 2355 1014 2415 ad
1025 2355 1137 2415 medul·
1148 2375 1174 2414 au

139 2441 194 2502 lam
205 2443 233 2500 in
246 2450 382 2516 senecta,
402 2449 450 2500 aut
463 2458 527 2498 cum
544 2441 680 2500 alimento
699 2442 784 2499 nimio
802 2439 948 2499 abundare
966 2440 1137 2502 sentiuntur.

96 2533 149 2588 253
160 2525 236 2583 idem
248 2534 277 2583 et
293 2525 412 2583 licorum
430 2524 544 2601 turgido
559 2525 669 2584 cortice
688 2525 821 2582 incisuris
839 2524 867 2580 in
881 2522 1006 2582 oblicum
1022 2521 1139 2581 levibus

140 2608 285 2668 emittitur.
312 2609 350 2666 ita
368 2607 397 2665 lit
414 2625 451 2666 ne
466 2607 600 2668 decidant
618 2607 737 2666 fructus.
776 2607 926 2685 pomileris
940 2623 1015 2685 quae
1031 2607 1138 2682 germi-

138 2699 206 2750 nant
217 2708 273 2749 nec
291 2691 386 2749 lerunt
402 2690 526 2749 lructum
542 2691 719 2750 dssaradice
736 2691 840 2749 inditur
853 2689 943 2767 lapis,
963 2688 1139 2766 fertilesque

139 2775 217 2834 liunt.
241 2773 297 2833 hoc
310 2773 385 2832 idem
396 2773 424 2830 in
436 2773 595 2849 amygdalis
613 2773 753 2832 erobore
772 2789 864 2833 cuneo
880 2773 1002 2844 adacto,
1019 2775 1046 2830 in
1068 2773 1175 2850 pirisao

95 2870 148 2923 254
160 2857 315 2936 sorbisque
340 2875 355 2915 e
374 2855 458 2915 taeda
476 2873 510 2916 ac
529 2858 627 2916 cinere
644 2866 673 2915 ct
690 2866 766 2916 terra
789 2865 942 2934 cooperto.
977 2855 1072 2915 Etiam
1093 2872 1139 2914 ra·

139 2943 222 3002 dices
240 2939 456 2999 circumcidisse
480 2940 600 3016 prodest
617 2941 715 2999 vitium
736 2941 937 3000 luxuriantium
959 2940 1142 3016 ficorumque

140 3036 170 3086 et
182 3025 359 3085 circumcisis
376 3024 503 3082 cinerem
515 3022 670 3084 addidisse.
699 3021 761 3083 Fici
779 3026 925 3084 serotinae
939 3023 1026 3097 liunt,
1044 3022 1070 3081 si
1081 3023 1141 3100 pri·

140 3110 331 3187 maegrossi,
356 3126 420 3168 cum
441 3107 526 3168 labae
541 3107 762 3185 magnitudinem
786 3124 963 3182 excessere,
985 3105 1140 3165 detrahan-

139 3203 194 3252 tur.
229 3192 438 3251 subnascuntur
466 3193 541 3250 enim
567 3210 641 3270 quae
665 3193 758 3250 serius
777 3198 983 3251 maturescunt.
1016 3189 1178 3249 caedemus

141 3295 204 3337 cum
216 3275 353 3336 frondere
368 3276 521 3353 incipiunt,
540 3277 564 3335 si
577 3277 724 3336 cacumina
742 3275 812 3334 rami
831 3274 971 3352 cuiusque
985 3272 1141 3333 detrahan-

139 3370 195 3436 tur,
209 3361 351 3420 drmiores
362 3359 580 3437 fertilioresque
591 3360 671 3434 liunt,
684 3375 748 3417 nam
762 3357 939 3434 caprificatio
952 3365 1084 3415 maturat.

95 3456 148 3507 255
212 3445 295 3523 (44.)
319 3442 350 3502 ln
364 3461 398 3503 ea
415 3443 525 3503 culices
537 3445 618 3502 nasci
631 3461 647 3502 e
662 3442 774 3520 grossis
786 3440 978 3515 manifestum,
992 3440 1142 3518 quoniam,
