2422 3840
134 182 193 243 176
481 190 511 238 c.
528 192 623 245 rurum
640 190 791 239 sucorum

134 352 228 428 apium
243 354 341 408 serunt
356 345 384 405 in
400 343 512 406 laciniis
527 345 720 424 conligatum,
745 345 839 423 apium
858 345 944 404 etiam
960 344 1072 423 paxillo
1089 363 1139 406 ca·

92 444 141 496 121
152 450 241 491 verua
261 431 337 491 iacta
360 448 395 489 ac
415 430 482 489 iimo
503 432 630 508 ingesto.
674 428 838 490 Nascuntur
856 437 950 488 autem
970 429 1066 489 omnia
1090 438 1140 489 aut

133 517 242 575 semine
259 524 306 574 aut
320 513 483 589 avolsione,
500 513 684 592 quaedamst
699 513 808 572 semine
823 520 853 571 et
868 511 997 587 surculo,
1014 520 1046 571 nt
1060 521 1138 589 ruta,

134 600 292 675 origanum,
310 598 443 673 ocimum,
459 631 501 642 -
516 597 688 677 praecidunt
702 596 776 654 eninr
791 605 820 656 et
835 597 902 670 hoc,
919 613 983 654 cum
999 597 1140 672 pervenit

133 682 168 742 ad
187 682 309 760 palmum
329 681 485 741 altitudinis
508 680 705 760 -quaedam
729 688 758 739 et
777 680 886 739 semine
907 688 936 738 et
956 678 1077 755 radice,
1107 689 1164 739 utu

134 784 218 844 cepa,
231 766 326 841 alium,
340 764 421 824 bulbi
433 775 463 825 et
475 766 499 824 si
507 761 1138 844 quorumradicessemiuiierorumrelincun-

133 859 187 911 tur.
204 866 303 908 eornm
317 867 389 909 vero
405 866 479 926 quae
493 849 619 909 aradice
631 855 787 907 nascuntur
798 847 879 907 radix
891 847 1021 907 diuturna
1034 855 1064 906 et
1077 847 1138 906 iru-

133 935 227 992 ticosa
240 943 295 1006 est,
312 941 342 991 ut
355 931 446 1007 bulbi,
463 933 575 1009 gethpi,
594 931 707 991 scillae.
726 931 861 991 fruticant
873 930 928 989 alia
944 938 972 989 et
983 947 1041 990 non
1054 931 1138 1009 capi-

92 1027 141 1079 122
153 1025 227 1091 tata,
254 1024 284 1073 nt
306 1016 401 1092 apium
425 1024 454 1074 et
474 1015 552 1074 heta.
599 1013 690 1074 Caulo
713 1015 808 1074 reciso
829 1013 892 1073 fere
908 1013 1023 1092 quidem
1038 1014 1139 1074 omnia

132 1099 326 1176 regerminant
342 1101 475 1176 exceptis
491 1115 564 1176 quae
580 1115 636 1157 non
651 1095 782 1157 scabrum
797 1097 910 1157 caulem
928 1096 1044 1173 habent,
1062 1106 1093 1156 et
1107 1099 1137 1156 iu
1148 1111 1172 1152 m

131 1201 212 1241 usum
226 1198 298 1240 vero
315 1183 448 1257 ocimum,
463 1182 618 1262 raphanus,
634 1181 757 1240 lactuca.
780 1181 854 1240 hanc
869 1183 954 1241 etiam
968 1181 1138 1241 suaviorem

132 1274 230 1344 putant
245 1284 261 1326 a
275 1266 528 1342 regerminatione.
552 1266 699 1344 raphanus
712 1266 811 1344 ntique
826 1265 976 1325 iucundior
992 1264 1137 1325 detractis

131 1349 210 1410 foliis
233 1358 385 1428 antequam
404 1349 600 1410 decaulescat.
629 1349 685 1409 hoc
701 1350 773 1409 etin
789 1349 878 1427 rapis.
906 1366 970 1407 uam
985 1356 1015 1406 et
1030 1348 1136 1408 eadem

132 1433 261 1512 dereptis
273 1433 351 1493 foliis
368 1443 509 1512 cooperta
524 1443 601 1493 terra
617 1442 752 1493 crescunt
768 1433 926 1510 durantque
941 1433 968 1490 in
980 1440 1133 1491 aestatem.

91 1528 141 1582 123
211 1518 294 1597 (37.)
315 1518 434 1594 Singula
450 1536 560 1595 genera
576 1527 641 1577 sunt
656 1518 761 1591 ocimo,
778 1515 906 1595 lapatho,
922 1514 1003 1589 blito,
1021 1525 1133 1575 uastur·
1146 1533 1169 1574 un

132 1603 188 1676 tio,
213 1620 336 1675 erucae,
360 1601 500 1680 atriplici,
522 1600 692 1674 coriandro,
714 1609 809 1660 aneto.
839 1600 913 1659 haec
933 1600 1007 1657 enim
1023 1598 1135 1676 ubique

133 1684 234 1744 eadem
256 1695 320 1744 sunt
341 1703 436 1763 neque
452 1684 528 1744 aliud
547 1684 603 1745 alio
619 1684 720 1743 melius
735 1701 864 1762 usquam.
894 1692 984 1742 rutam
999 1683 1134 1742 furtivam

132 1777 239 1827 tautum
253 1770 409 1846 provenire
424 1768 547 1827 fertilius
564 1776 663 1846 putant
679 1768 752 1826 sicut
768 1768 831 1846 apis
847 1766 966 1826 furtivas
978 1780 1133 1844 'pessume
1209 1805 1211 1810 ι

131 1860 284 1911 nascuntur
299 1859 394 1910 autem
406 1853 491 1910 ctiam
506 1868 563 1910 non
579 1859 656 1926 sata,
670 1858 782 1926 monto,
799 1858 993 1925 mentastrum,
1010 1859 1133 1928 nepote,

131 1933 267 2008 intubum,
285 1933 420 2011 puleium.
441 1943 541 1994 contra
557 1934 640 2013 plura
655 1952 764 2012 genera
776 1943 840 1993 suut
853 1952 952 1993 eorum
968 1951 1043 2011 qnae
1058 1933 1132 1993 dixi·
1142 1952 1167 1993 ro

90 2026 210 2079 thomos
222 2017 408 2094 dicemusque
420 2025 448 2076 ct
460 2018 598 2096 inprimis
614 2020 690 2096 apio.
719 2019 749 2080 8.
762 2018 791 2078 id
808 2019 882 2077 euim
896 2018 973 2096 quod
985 2026 1092 2096 sponte
1105 2019 1135 2076 in

130 2099 231 2158 umidis
245 2103 373 2161 nascitur
387 2100 590 2162 helioselinum
604 2111 739 2178 vocatur,
751 2120 808 2162 uno
825 2103 897 2162 folio
913 2119 967 2160 nec
979 2101 1132 2176 hirsutum,

130 2201 229 2242 rursus
244 2185 271 2243 in
289 2186 376 2245 siccis
391 2185 615 2266 hipposelinum,
637 2186 767 2265 pluribus
782 2186 871 2262 foliis,
890 2185 983 2245 simile
1001 2184 1131 2245 heliose·
1209 2200 1211 2252 ξ

130 2267 198 2327 lino.
228 2271 343 2329 tertium
364 2279 408 2328 est
430 2273 642 2345 oreoselinum,
669 2272 781 2330 cicutae
800 2270 894 2345 foliis,
922 2268 1020 2328 radice
1039 2271 1132 2346 tenui,
1210 2279 1211 2336 j

130 2354 239 2412 semiue
262 2356 353 2429 aneti,
378 2355 529 2414 minutiore
546 2363 662 2414 tantum.
695 2363 724 2412 et
740 2354 821 2412 sativi
837 2361 930 2412 autem
947 2351 1166 2413 differentiacus
1210 2369 1211 2380 ¹

130 2436 244 2496 infolio
263 2437 370 2512 denso,
401 2438 498 2515 crispo
516 2447 564 2497 aut
579 2438 690 2496 rariore
708 2445 736 2495 et
752 2436 880 2509 leviore,
905 2437 972 2494 item
988 2436 1073 2494 caule
1089 2446 1132 2496 te·

129 2519 230 2577 nuiore
246 2530 295 2581 aut
310 2523 472 2595 crassiore,
494 2530 523 2580 et
541 2520 631 2580 caulis
646 2520 767 2579 aliorum
783 2519 920 2579 candidus
935 2527 991 2594 est,
1008 2519 1132 2579 aliorum

131 2619 309 2680 purpureus,
333 2604 453 2664 aliorum
469 2605 575 2664 varius.

90 2694 138 2748 125
213 2685 297 2763 (38.)
319 2685 463 2746 Lactucae
484 2687 589 2747 Graeci
614 2689 667 2747 tria
694 2686 794 2747 iecere
818 2704 943 2763 genera:
971 2704 1057 2745 unum
1080 2687 1132 2747 lati
1210 2760 1211 2770 ἵ

130 2767 230 2842 catulis,
249 2769 323 2828 adeo
339 2780 369 2829 nt
383 2771 487 2829 ostiola
503 2772 618 2830 olitoria
634 2790 671 2830 ex
686 2770 730 2830 his
744 2770 869 2830 factitari
883 2769 1075 2848 prodiderint,
1088 2785 1166 2829 ——ao
1209 2789 1211 2802 ,

129 2851 229 2910 folium
250 2852 294 2911 his
316 2854 403 2931 paulo
425 2855 515 2913 maius
534 2853 681 2913 herbaceo
698 2863 726 2913 et
740 2854 986 2929 angustissimum,
1014 2862 1044 2912 ut
1060 2854 1133 2914 alibi
1210 2919 1211 2928 ,

131 2946 301 3013 consumpto
324 2937 504 2996 incremento
511 2982 520 3013 ,
542 2971 583 2982 -
603 2937 724 2996 alterurn
744 2937 858 2996 rotundi
880 2937 986 3012 caulis,
1012 2938 1133 2997 tertium

129 3018 253 3092 sessile,
290 3021 368 3097 quod
392 3020 565 3081 Laconicum
586 3030 701 3084 vocant.
746 3020 794 3080 alii
821 3021 922 3081 colore
946 3028 974 3080 et
994 3029 1132 3099 tempore

130 3099 208 3160 satu‘s
231 3120 342 3178 genera
364 3103 541 3165 discrevere.
576 3123 643 3165 esse
671 3106 745 3166 enim
766 3106 863 3182 nigras
887 3121 1005 3182 quarum
1029 3121 1133 3165 semen
1210 3125 1211 3184 ξ

129 3203 227 3244 mense
244 3184 376 3246 luminario
391 3197 525 3264 seratur,
542 3189 624 3249 albas
640 3207 758 3268 quarum
772 3187 891 3264 Martio,
913 3187 1041 3248 rubentis
1058 3203 1167 3267 qua-ar
1210 3215 1211 3222 ¹

130 3288 191 3328 rum
208 3269 318 3350 Aprili,
338 3280 367 3330 et
383 3274 505 3331 ouurrium
521 3289 619 3332 earum
634 3273 746 3352 plantas
764 3282 830 3350 post
845 3271 928 3332 binos
944 3289 1060 3331 menses
1077 3274 1131 3334 de-

88 3363 138 3418 126
150 3353 230 3413 ferri.
267 3355 466 3431 diligentiores
490 3357 572 3435 plura
593 3374 703 3435 genera
717 3355 841 3429 faciunt,
863 3372 1043 3433 purpureas,
1073 3359 1131 3418 cri·

127 3455 207 3515 spus,
226 3436 439 3519 Cappadocias,
457 3439 594 3518 Graecas,
611 3440 752 3518 longioris
767 3439 819 3500 has
834 3437 885 3497 ioli
901 3438 1051 3518 caulisque
1066 3441 1132 3520 lati,
