2422 3840
127 193 188 254 126
466 205 496 252 o.
514 205 611 253 annu
623 203 774 252 snconnr

127 378 184 438 que
196 358 262 420 talis
273 368 352 419 terra
364 367 471 435 aratur,
489 377 554 419 oum
569 359 685 418 seritur.
711 358 785 418 aiios
797 357 869 416 ordo
882 365 922 433 ut,
935 357 983 416 ubi
995 358 1134 418 adoreum

125 444 227 517 fuerit,
252 451 350 503 cesset
374 450 509 520 quattuor
531 441 680 502 mensibus
701 440 830 500 hibernis
855 449 884 499 et
904 458 1022 500 vernam
1037 441 1133 501 iabam

125 528 248 605 recipiat
265 528 303 586 ita
319 535 349 585 ut
365 535 431 586 ante
447 526 601 586 hiemalem
616 543 653 584 ne
670 533 778 584 cesset.
809 525 891 582 nimis
909 525 1023 602 pinguis
1046 525 1133 586 alter·

126 612 186 670 nari
203 619 310 688 potest.
330 611 369 669 ita
384 609 414 668 iit
428 619 459 669 ut
470 611 615 669 frumento
628 607 741 668 sublato
757 608 893 686 legumen
904 610 991 668 tertio
1007 618 1132 685 seratur,

125 694 265 771 gracilior
280 695 352 752 etin
367 711 469 752 annum
485 694 599 752 tertium
615 701 722 752 cesset.
752 692 923 751 frumentum
944 693 1003 752 seri
1018 693 1159 770 qnidams

125 786 223 837 vetant
238 778 293 837 nisi
307 777 336 836 in
351 795 385 835 ea
403 794 478 854 quae
493 793 635 856 proxumo
651 792 725 836 anno
743 775 893 854 quieverit.

82 875 133 930 192
197 861 280 941 (53.)
304 859 465 920 biannmam
479 860 562 920 huius
580 860 640 919 ioci
654 868 765 939 partem
786 858 1004 919 stercorationis
1020 861 1133 936 optinet

82 964 141 1007 nno
152 947 236 1020 ratio,
253 946 289 1005 de
306 961 362 1022 qua
379 952 408 1003 et
425 945 515 1023 priori
531 943 654 1003 diximus
667 943 823 1003 volumine.
856 942 913 1001 hoc
928 950 1035 1001 tantum
1057 945 1132 1002 enim

122 1025 150 1083 in
166 1027 303 1086 confesso
324 1036 368 1086 est
384 1027 438 1087 nisi
454 1036 617 1088 stercorato
635 1028 695 1086 seri
710 1044 767 1088 non
784 1035 939 1104 oportere,
961 1043 1132 1105 quamquam

124 1119 153 1168 et
174 1110 221 1169 bic
243 1110 328 1186 leges
352 1120 417 1170 sunt
437 1112 584 1190 propriae.
616 1109 743 1186 Milium,
764 1111 908 1188 panicum,
924 1127 1011 1188 rapa,
1038 1127 1166 1189 napusro

122 1194 176 1252 nisi
193 1195 221 1251 in
237 1203 400 1254 stercorato
418 1212 475 1254 non
491 1195 606 1255 seritur.
638 1211 696 1253 non
712 1203 875 1253 stercorato
890 1192 1061 1252 frumentum
1078 1211 1130 1272 po·

121 1279 177 1336 tius
196 1295 280 1356 quam
303 1278 442 1338 hordeum
462 1279 577 1338 seritur.
609 1280 678 1339 item
694 1279 723 1337 in
739 1276 909 1352 novalibus,
927 1277 1040 1336 tametsi
1052 1277 1081 1336 in
1096 1277 1129 1337 il·

121 1359 157 1419 lis
172 1360 266 1420 iabam
283 1364 340 1421 seri
357 1363 474 1440 volunt,
498 1363 619 1422 eandem
638 1362 811 1441 ubicumque
829 1379 912 1439 quam
930 1361 1130 1421 recentissime

79 1451 300 1507 193stercorato
319 1447 394 1506 solo.
432 1448 575 1507 Autumno
592 1446 701 1526 aliquid
716 1454 829 1506 saturus
844 1445 1009 1523 Septembri
1028 1463 1129 1505 mense

121 1530 215 1589 limum
231 1530 323 1591 inaret
337 1540 405 1609 post
420 1531 548 1591 imbrem.
578 1532 677 1610 utique
693 1532 717 1589 si
738 1546 828 1589 verno
851 1529 905 1588 erit
926 1538 1055 1608 saturus,
1075 1546 1129 1608 per
1140 1547 1165 1587 rs

120 1612 235 1673 hiemen
264 1615 358 1674 fimum
385 1616 528 1694 disponat.
575 1615 678 1673 iustum
709 1623 754 1673 est
780 1612 863 1672 vehis
896 1613 1060 1673 octodecim
1087 1615 1128 1672 iu·

121 1715 194 1773 gero
211 1697 315 1772 tribui,
333 1699 507 1777 dispergere
524 1707 618 1757 autem
647 1699 813 1777 priusquam
829 1714 905 1756 ares.
936 1706 963 1756 at
985 1698 1062 1756 iacto
1083 1714 1129 1755 se·

120 1781 212 1855 mine,
239 1782 263 1840 si
281 1780 356 1840 haec
372 1783 479 1840 omissa
497 1783 533 1840 sit
550 1782 742 1857 stercoratio,
759 1798 887 1858 sequens
903 1789 948 1840 est
963 1781 1129 1859 priusquam

79 1865 237 1938 194sarias,
251 1873 358 1923 tantum
369 1863 503 1942 pulvere.
521 1862 605 1936 Quod
617 1873 647 1922 ut
662 1864 736 1923 banc
750 1872 867 1942 qnoque
883 1881 980 1923 curam
992 1863 1127 1924 determi-

119 1963 237 2020 nemus,
259 1947 364 2005 iustum
385 1956 430 2006 est
446 1945 573 2023 singulas
589 1947 671 2006 vehis
689 1948 745 2007 fimi
761 1948 880 2008 denario
894 1949 938 2007 ire
954 1949 982 2006 in
998 1948 1126 2024 singulas
1136 1971 1162 2012 ao

118 2028 247 2106 pecudes
263 2031 402 2104 minores‚·
417 2031 445 2088 in
460 2031 585 2089 maiores
601 2030 701 2090 denas.
727 2031 782 2090 uisi
798 2034 945 2109 contingat
961 2031 1034 2106 hoc,
1051 2031 1127 2091 maie

118 2110 314 2172 substravisse
330 2114 432 2191 pecori
449 2114 584 2174 colonum
600 2114 746 2194 adpareat.
778 2116 850 2175 Sunt
862 2117 909 2193 qui
922 2125 1039 2194 optume
1052 2123 1125 2175 ster·

119 2197 214 2255 corari
244 2205 345 2274 putent
372 2197 425 2257 sub
446 2199 494 2258 diu
523 2197 634 2258 retibus
664 2199 773 2260 inclusa
801 2217 940 2278 pecorum
967 2199 1124 2263 mansione.

118 2277 200 2357 Ager
224 2282 325 2341 sinon
348 2290 542 2358 stercoratur,
568 2282 664 2359 alget,
687 2285 710 2342 si
736 2285 850 2343 nimium
873 2291 1052 2344 stercoratus
1068 2292 1125 2358 est,

117 2363 253 2439 aduritur,
271 2366 419 2444 satiusque
438 2365 527 2426 estid
548 2383 639 2444 saepe
663 2384 747 2444 quam
769 2384 856 2446 supra
878 2368 993 2427 modum
1012 2367 1122 2425 iacere.
1133 2395 1161 2434 25

119 2464 176 2525 quo
194 2448 315 2508 calidius
331 2450 425 2509 solum
442 2459 498 2524 est,
515 2466 551 2509 eo
568 2451 659 2508 minus
677 2451 742 2510 addi
758 2452 898 2510 stercoris
915 2451 987 2510 ratio
1002 2457 1056 2508 est.

74 2538 124 2592 195
193 2529 243 2590 24.
269 2533 353 2612 (54.)
377 2535 482 2593 Semen
501 2541 647 2611 optumum
665 2535 842 2610 anniculum,
857 2535 962 2593 bimum
985 2532 1123 2609 deterius,

116 2612 227 2672 trimum
245 2632 428 2693 pessumum,
444 2618 519 2676 ultra
536 2618 648 2678 sterile.
686 2619 762 2677 etin
786 2636 842 2678 uno
866 2619 989 2677 omnium
1009 2616 1124 2677 definita

115 2713 225 2772 genere
241 2699 314 2757 ratio
334 2709 393 2758 est:
411 2700 488 2779 quod
503 2702 532 2759 in
545 2701 601 2761 ima
619 2719 687 2761 area
701 2701 833 2762 subsedit
848 2702 885 2762 ad
907 2718 1007 2760 semen
1027 2719 1124 2761 reser-

115 2778 239 2840 vandum
255 2789 308 2855 est,
327 2783 355 2841 id
373 2783 447 2841 enim
463 2793 619 2860 optumum,
638 2787 771 2863 quoniam
786 2786 1004 2863 gravissimum,
1027 2802 1123 2864 neque
1133 2814 1158 2856 30

115 2864 172 2923 aiio
195 2863 281 2923 modo
296 2864 393 2924 utilius
410 2865 594 2944 dispescitur.
626 2886 700 2947 quae
722 2870 803 2948 spica
818 2868 999 2929 intervallata
1014 2870 1124 2928 semina

113 2946 231 3006 habebit
245 2947 396 3008 obicietur.
430 2958 576 3028 optumum
597 2969 715 3028 granum
737 2953 815 3031 quod
834 2951 919 3012 rubet
940 2959 969 3011 et
989 2951 1123 3011 dontibus

114 3029 236 3090 iraotum
253 3032 375 3092 eundem
391 3032 480 3093 habet
498 3033 638 3112 colorem,
656 3035 783 3096 deterius
808 3037 854 3096 cui
877 3036 943 3114 plus
964 3037 1040 3095 intus
1065 3036 1125 3096 albi

72 3121 122 3177 196
131 3122 185 3173 est.
218 3111 334 3175 Certum
350 3126 442 3177 terras
460 3117 531 3178 alias
546 3118 612 3196 plus
628 3120 746 3180 seminis
762 3121 914 3198 recipere,
931 3119 1002 3179 alias
1018 3121 1123 3195 minus,

111 3197 339 3278 religiosumque
361 3201 428 3261 inde
449 3202 570 3280 primum
592 3205 703 3265 colonis
726 3205 890 3283 augurium:
921 3221 986 3263 cunr
1009 3204 1159 3271 avidiusas

112 3283 246 3361 accipiat,
264 3283 375 3344 esurire
391 3284 518 3345 creditur
533 3295 562 3345 et
578 3306 712 3348 comesse
729 3306 839 3348 semen.
877 3287 1025 3347 Sationem
1046 3287 1121 3348 locis

112 3366 214 3427 umidis
228 3366 351 3427 celerius
368 3369 431 3429 iieri
448 3370 521 3429 ratio
540 3380 595 3448 est,
612 3391 650 3434 ne
665 3390 765 3433 semen
775 3370 866 3432 imbre
882 3379 1043 3451 putrescat,
1064 3372 1121 3430 sic-

106 3450 153 3506 cr's
167 3452 273 3530 serius,
292 3461 323 3513 rt
336 3452 456 3534 pluviae
472 3464 639 3533 sequantur,
654 3475 691 3516 ne
709 3457 756 3516 diu
771 3458 870 3517 iacens
883 3464 970 3534 atque
981 3473 1039 3516 non
1052 3472 1121 3514 oon·
