2422 3840
317 185 395 232 uur.
411 183 614 232 mausum.
632 177 750 234 16—-17.
770 165 921 250 (la-44.)
1063 165 1122 226 119

187 343 236 401 17.
262 340 344 418 (44.)
366 339 405 418 [1]
428 338 550 398 Primum
576 337 701 396 omnium
726 335 861 395 frumenti
885 334 984 393 vitium
1011 340 1165 395 avena149

125 432 181 500 est,
201 433 229 483 et
250 423 390 482 hordeum
407 423 436 480 in
462 438 526 481 eam
545 419 704 498 degenerat
730 420 773 478 sic
793 428 822 478 ut
837 419 901 495 ipsa
925 416 1061 477 frumenti
1086 416 1123 474 sit

123 509 227 583 instar,
248 508 356 585 quippe
373 524 438 565 cum
453 504 622 565 Germaniae
637 502 739 582 populi
754 511 852 580 serant
868 519 931 562 eam
951 517 1047 579 neque
1067 499 1124 558 alia

126 590 202 669 pulte
219 592 325 650 vivant.
362 590 419 649 soli
444 605 575 647 maxume
600 587 732 665 caelique
758 602 858 645 umore
880 585 938 644 hoc
966 584 1062 643 evenit
1081 584 1122 641 vi·

100 676 202 735 stium.
233 683 405 753 sequentem
426 689 541 730 causam
561 669 649 730 babet
669 669 843 728 inbecillitas
866 668 998 741 seminis,
1022 667 1046 726 si
1063 666 1123 726 diu-

125 759 181 817 tius
195 766 337 818 retentum
355 764 400 815 est
414 765 493 814 terra
510 755 588 831 prius
605 771 689 832 quam
705 761 844 830 erumpat.
873 751 973 810 eadem
987 751 1061 809 ratio
1077 759 1106 809 et
1115 761 1167 814 150

125 843 149 901 si
166 843 307 902 cariosum
322 839 375 899 iuit
390 856 454 898 cum
469 846 626 897 sereretur.
646 837 736 915 prima
752 845 847 896 autem
862 835 957 894 statim
972 834 1124 911 eruptione

124 924 326 1002 adgnoscitur,
347 940 386 982 ex
402 938 460 1000 quo
476 920 596 1000 adparet
612 922 641 979 in
660 919 759 980 radice
780 937 847 978 esse
870 933 996 978 causam.
1027 914 1081 976 Est
1096 925 1125 976 et

124 1007 202 1068 aliud
227 1026 264 1066 ex
284 1007 379 1066 vicino
406 1023 517 1064 avenae
542 1005 656 1080 vitium,
687 1023 751 1064 cum
781 1001 967 1082 amplitudine
991 1000 1125 1060 inchoata

89 1108 259 1167 cognanum,
283 1091 336 1150 sed
360 1089 485 1149 nondum
509 1099 634 1164 matura,
657 1089 736 1166 prius
758 1105 843 1166 quam
863 1084 985 1145 roboret
1004 1101 1124 1163 corpus,

125 1173 229 1235 adllatu
245 1175 332 1233 noxio
350 1191 464 1233 cassum
480 1182 509 1233 et
523 1174 607 1233 inane
621 1173 649 1231 in
663 1173 746 1251 spica
767 1171 918 1232 evanescit
936 1169 1061 1249 quodam
1076 1166 1125 1228 ab·

125 1266 199 1317 ortu.
236 1258 275 1337 [a]
291 1257 378 1317 Venti
399 1267 495 1316 autem
515 1257 606 1316 tribus
629 1255 808 1334 temporibus
829 1263 937 1315 nocent
961 1254 1104 1315 frumento
1116 1261 1168 1316 151

125 1349 154 1401 et
169 1340 298 1401 hordeo:
320 1343 348 1400 in
365 1340 439 1400 flore
455 1349 504 1401 aut
528 1341 659 1418 protinus
687 1358 750 1399 cum
776 1337 941 1398 dedoruere
965 1337 1014 1396 vel
1035 1345 1125 1396 matu·

123 1442 245 1484 resccre
262 1423 473 1502 incipientibus.
505 1432 563 1482 tum
578 1423 652 1482 enim
670 1423 834 1482 exinaniunt
849 1438 956 1499 grana,
980 1419 1126 1498 prioribus

90 1523 115 1564 oc
125 1509 221 1568 causis
235 1508 315 1567 nasci
331 1505 498 1585 prohibent.
527 1503 624 1565 Nocet
636 1513 665 1564 et
682 1506 727 1565 sol
737 1504 849 1565 >creber
864 1524 880 1564 e
895 1503 982 1562 nube.
1005 1522 1126 1564 nascun-

125 1601 171 1650 tur
192 1599 222 1648 et
237 1590 387 1649 vermiculi
406 1590 434 1648 in
454 1587 570 1663 radice,
592 1605 655 1647 cum
675 1596 836 1647 sementem
855 1587 994 1647 imbribus
1017 1587 1127 1646 secutis

124 1673 240 1733 inclusit
261 1673 429 1752 repentinus
453 1671 534 1732 calor
556 1688 695 1732 umorem.
726 1671 881 1749 gignuntur
904 1672 1168 1748 etingrauo,152

125 1775 188 1816 cum
206 1757 307 1835 spicae
323 1756 427 1836 pluviis
453 1756 534 1816 calor
549 1755 728 1816 infervescit.
759 1764 804 1815 est
826 1764 855 1814 et
873 1753 1017 1815 cantharis
1033 1753 1126 1814 dictus

125 1840 300 1902 scarabaeus
328 1857 452 1920 parvos,
482 1840 623 1900 frumenta
638 1840 773 1900 erodens.
815 1840 909 1898 omnia
934 1856 969 1897 ea
994 1837 1126 1898 animalia

88 1940 115 1980 ao
126 1943 190 1985 cum
206 1925 272 1985 cibo
288 1925 435 1985 deliciunt.
464 1922 584 1999 Oleum,
607 1924 672 2002 pix,
696 1923 779 2002 adips
796 1923 940 1982 contraria
957 1920 1124 1998 seminibus,

125 2010 343 2087 cavendumque
357 2027 393 2069 ne
409 2016 543 2068 contacta
559 2009 601 2066 eis
617 2016 758 2067 serantur.
790 2007 884 2067 imber
899 2007 927 2065 in
940 2005 1032 2067 herba
1048 2005 1126 2065 utilis

124 2101 247 2168 tanturn,
269 2092 440 2151 docentibus
458 2101 552 2150 autem
572 2091 715 2150 frumento
736 2099 765 2151 et
785 2089 898 2151 bordeo
919 2099 1024 2167 nocet,
1043 2089 1125 2167 legu-

124 2175 246 2234 minibus
273 2176 413 2234 innocuus
443 2183 646 2252 praeterquam
679 2174 778 2234 ciceri.
817 2175 1040 2234 maturescentia
1067 2174 1125 2233 iru·

125 2265 220 2316 menta
235 2256 327 2315 imbre
343 2257 495 2317 laeduntur
509 2264 538 2316 et
551 2255 692 2315 hordeum
704 2258 807 2333 magis.
823 2256 959 2317 Nascitur
972 2266 1001 2316 et
1015 2256 1169 2320 berba153

89 2339 208 2415 calba,
232 2341 336 2418 panico
355 2340 471 2415 similis,
496 2357 643 2418 occupans
670 2358 755 2416 arva,
778 2342 880 2419 pecori
896 2334 1013 2418 quoque
1029 2340 1126 2398 morti·

124 2424 198 2484 iera.
228 2441 292 2484 nam
308 2424 408 2484 lolium
425 2432 454 2484 ει
473 2423 597 2484 tribulos
612 2433 642 2483 et
665 2424 789 2485 carduos
811 2424 973 2502 lappasque
991 2440 1049 2483 non
1067 2439 1125 2486 ma·

124 2509 170 2586 gis
185 2525 269 2587 quam
284 2508 373 2569 rubos
385 2508 459 2568 inter
475 2508 588 2585 frugum
602 2507 719 2567 morbos
732 2509 829 2587 potius
844 2525 929 2585 quam
944 2507 1018 2566 inter
1035 2507 1126 2584 ipsius

124 2600 220 2650 terrae
245 2593 337 2669 pestis
358 2593 576 2652 numeraverim.
608 2588 745 2651 caeleste
766 2592 880 2670 frugum
900 2592 1170 2668 vinearumque154

125 2673 244 2748 malum,
261 2673 340 2734 nullo
356 2676 447 2734 minus
465 2675 581 2733 nonium
595 2684 640 2734 est
656 2674 770 2752 robigo.
798 2674 1035 2753 frequentissima
1052 2675 1126 2735 haec

88 2776 116 2819 ao
126 2759 155 2818 in
169 2757 287 2817 roscido
310 2767 402 2817 tractu
419 2757 659 2837 convallibusque
676 2776 711 2819 ac
736 2759 889 2838 perflatum
915 2776 973 2819 non
996 2758 1126 2819 babenti·

124 2841 188 2901 bus.
219 2859 235 2899 e
252 2839 370 2901 diverso
386 2850 484 2901 carent
502 2860 536 2903 ea
552 2852 674 2903 ventosa
689 2852 719 2902 et
735 2843 865 2905 excelsa.
898 2841 977 2904 Inter
991 2843 1060 2902 vitia
1079 2860 1125 2902 se·

124 2933 223 3011 getum
239 2932 268 2983 et
283 2922 397 2984 luxuria
418 2934 481 3000 est,
505 2943 569 2985 cum
592 2936 730 2988 oneratae
750 2927 900 2987 fertilitate
923 2925 1125 3005 procumbunt.

124 3025 274 3068 commune
290 3017 385 3069 autem
405 3009 529 3069 omnium
547 3018 676 3069 satorum
696 3011 794 3070 vitium
814 3028 920 3086 uruca,
944 3010 1030 3069 otiam
1048 3010 1125 3068 cice-

123 3094 182 3168 ris,
206 3109 268 3152 cum
291 3092 489 3170 salsilaginem
510 3091 572 3152 eius
588 3092 733 3153 abluendo
755 3093 847 3153 imber
862 3093 975 3153 dulcius
995 3094 1025 3154 id
1045 3092 1124 3153 iacit.

88 3176 165 3255 ε5[3]
185 3175 238 3235 Est
264 3174 355 3236 herba
381 3193 455 3253 quae
472 3175 552 3235 cicer
577 3184 680 3237 enecat
702 3185 731 3236 et
754 3193 855 3236 ervom
878 3177 1105 3254 circumligando
1119 3187 1167 3239 155

123 3277 168 3334 se,
190 3268 312 3321 vocatur
327 3259 504 3319 orobanche.
535 3260 631 3318 tritico
646 3259 731 3320 simili
747 3261 834 3320 modo
852 3278 936 3338 aera,
956 3261 1067 3321 hordeo
1082 3259 1125 3318 ie·

123 3349 205 3403 stuca
221 3361 295 3422 quae
310 3352 433 3403 vocatur
450 3341 602 3420 aegilops,
629 3340 700 3403 lenti
714 3342 807 3405 herba
824 3344 1016 3418 escutiolam,
1040 3360 1124 3420 quam

124 3421 227 3485 Graeci
242 3445 259 3485 a
273 3426 457 3506 similitudine
473 3426 629 3504 pelecinon
643 3436 759 3488 vocant.
792 3435 822 3488 et
840 3427 896 3487 bae
913 3427 1059 3504 conplexu
1072 3443 1122 3484 ne-
