2422 3840
347 196 428 243 nar.
444 194 535 243 msa.
552 194 652 241 xvrn.
668 189 754 243 4—6.
771 180 889 256 (6-7.)
1055 176 1095 237 99

92 347 291 415 adulescentia
322 350 532 411 conserendum
562 348 624 406 sine
656 347 855 421 cunctatione,
889 344 1097 406 aedificandum

92 453 150 496 non
169 436 225 494 nisi
244 435 356 494 consito
378 451 467 510 agro,
496 441 563 491 tunc
584 447 700 509 quoque
723 438 907 505 cunctanter,
937 438 1095 508 optumum·

50 510 54 520 '
94 537 151 598 que
170 527 226 593 est,
252 527 281 577 ut
302 517 522 594 volgodixere‚
544 514 637 575 aliena
655 515 765 575 insania
780 515 846 591 frui,
874 512 928 573 sed
944 515 983 573 ita
999 522 1029 572 ut
1043 512 1095 572 vil-

93 603 184 662 larurn
200 602 289 661 tutela
303 619 361 660 non
378 601 414 660 sit
430 601 522 659 oneri.
554 617 618 657 eum
636 607 731 658 tamen
752 600 799 676 qui
814 597 890 657 bene
906 597 1016 657 babitet
1031 614 1095 656 sae-

69 687 158 765 spius
175 687 316 745 ventitare
338 687 367 742 in
382 702 497 761 agrum,
528 683 712 761 frontemque
738 682 843 742 domini
867 681 933 760 plus
953 680 1096 758 prodesse

92 787 176 847 quarn
194 769 360 845 occipitium
376 784 433 825 non
448 767 629 826 mentiuntur.

155 853 184 913 6.
207 852 270 930 (7.)
295 851 335 929 [ll
354 850 457 910 llodus
472 851 520 910 hic
541 849 682 927 probatur
702 859 732 909 ut
753 866 849 927 neque
870 849 976 908 fundus
995 848 1092 907 villam
1105 858 1138 910 32

92 945 213 1015 quaerat
227 952 321 1012 neque
342 934 411 995 villa
428 935 562 1009 fundum,
583 950 656 1008 non,
680 943 710 993 ut
725 935 857 993 fecerunt
876 934 956 992 iuxta
972 930 1096 991 diversis

93 1019 196 1080 eadem
217 1026 311 1079 aetate
331 1019 473 1097 exemplis
497 1018 528 1078 b.
551 1017 689 1078 Lucullus
717 1026 746 1077 et
773 1016 808 1090 Q.
833 1016 996 1091 Scaevola,
1032 1032 1096 1075 cum

55 1103 162 1171 aovilla
180 1103 343 1163 Scaevolae
359 1103 471 1164 fructus
498 1120 554 1162 non
583 1110 723 1180 caperet,
752 1100 851 1160 villam
875 1100 988 1161 Luculli
1013 1117 1095 1177 ager,

92 1187 202 1266 quoin
228 1202 339 1263 genere
366 1189 500 1248 censoria
525 1187 676 1262 castigatio
704 1194 767 1245 erat
788 1186 880 1245 minus
902 1203 987 1245 arare
1012 1201 1098 1262 quam

43 1326 46 1331 .
91 1289 223 1331 verrere.
254 1289 310 1330 nec
329 1269 387 1330 hoc
404 1272 468 1330 sine
490 1281 551 1332 arte
573 1270 695 1348 quadam
710 1278 764 1329 est.
807 1271 979 1329 novissimus
997 1268 1097 1328 villam

91 1356 120 1413 in
139 1353 296 1414 Misenensi
321 1355 418 1431 posuit
441 1352 474 1414 0.
492 1353 597 1413 blarius
617 1354 748 1431 septiens
772 1354 891 1428 consul,
917 1354 970 1413 sed
990 1353 1096 1430 peritia

93 1437 343 1511 castrametandi,
365 1439 408 1495 sic
425 1446 455 1497 ut
471 1445 643 1514 conparatos
662 1437 690 1494 ei
705 1445 822 1496 ceteros
843 1437 927 1495 etiam
943 1437 1024 1496 Sulla
1041 1433 1095 1493 Fe-

55 1521 133 1581 rslix
149 1537 256 1581 caecos
275 1521 366 1580 fuisse
390 1520 511 1580 diceret.
556 1520 596 1598 [2]
614 1520 750 1578 convenit
767 1537 862 1597 neque
878 1521 956 1590 iuxta
979 1518 1094 1596 paludis
1102 1527 1138 1581 33

93 1605 255 1682 ponendam
278 1621 346 1663 esse
368 1621 464 1682 neque
480 1603 603 1662 adverso
629 1619 730 1678 amne,
760 1620 930 1680 quamquam
951 1601 1096 1661 Homerus

92 1688 206 1748 omnino
228 1706 244 1746 e
269 1686 384 1747 flumine
411 1705 528 1766 semper
549 1687 737 1747 antelucanas
761 1704 846 1746 auras
869 1685 1023 1745 insalubris
1045 1704 1095 1744 ve·

64 1767 65 1770 ’
91 1772 203 1831 rissime
233 1771 359 1832 tradidit.
399 1780 536 1849 spectare
554 1773 583 1830 in
607 1772 752 1831 aestuosis
780 1771 854 1830 locis
879 1771 1095 1848 septentriones

91 1854 194 1931 debet,
215 1855 365 1915 meridiem
382 1857 410 1914 iu
423 1855 547 1934 frigidis,
564 1857 732 1932 temperatis
750 1864 882 1914 exortum
898 1855 1094 1932 aequinoctia·

55 1938 158 1998 solem.
200 1937 273 2015 Agri
297 1940 389 2016 ipsius
407 1938 521 1999 bonitas
538 1939 641 2016 quibus
668 1941 843 2017 argumentis
870 1939 1138 2013 iudicandusit‚34

92 2040 263 2100 quamquam
292 2023 329 2082 de
358 2032 452 2082 terrae
481 2041 593 2100 genere
624 2032 742 2101 optumo
775 2024 954 2083 disserentes
981 2022 1096 2083 abunde

91 2105 200 2165 dixisse
214 2105 639 2183 possumusvideri‚etiamnum
654 2116 749 2166 tamen
764 2108 889 2185 traditas¹
899 2117 982 2166 notas
999 2105 1137 2190 sub-25¹1&

91 2188 267 2265 signabimus
283 2185 401 2246 Catonis
415 2206 546 2247 maxume
562 2188 676 2248 verbis:
703 2190 846 2249 ebulum
870 2191 933 2248 vel
960 2208 1096 2268 prunus

92 2271 289 2330 silvestris
311 2269 372 2329 vel
394 2271 517 2347 rubus,
544 2271 677 2330 bulbus
697 2274 869 2346 minutus,
895 2273 1093 2345 trifolium,

53 2353 207 2416 atherba
234 2355 437 2432 pratensis,
470 2373 646 2434 quercus,
673 2355 867 2416 silvestris
898 2356 1000 2432 pirus
1025 2372 1094 2414 ma-

90 2440 224 2516 lusque
245 2439 485 2498 frumentarii
516 2440 591 2498 soli
622 2448 752 2515 notae,
782 2439 871 2498 item
898 2439 1094 2516 nigrater·

90 2540 128 2582 ra
159 2531 195 2580 et
225 2523 366 2582 cinerei
398 2522 551 2582 coloris.
584 2523 699 2582 omnis
722 2532 825 2582 creta
847 2531 1000 2599 coquet,
1024 2523 1096 2580 nisi

91 2622 302 2683 permacra,
329 2605 587 2684 sabulumque‚
615 2608 687 2666 nisi
711 2606 747 2667 id
776 2607 886 2666 etiam
914 2615 1094 2685 pertenue

92 2696 165 2762 est,
196 2688 360 2748 etmulto
380 2690 658 2767 campestribus
679 2691 912 2769 magisquam
937 2691 1095 2750 clivosis

55 2772 325 2849 aorespondent
349 2772 480 2832 eadem.
520 2772 693 2852 [3lblodum
713 2775 775 2851 agri
795 2775 824 2833 in
853 2775 953 2853 primis
973 2791 1091 2834 servan·
1104 2783 1138 2836 35

93 2856 158 2915 dum
184 2856 292 2932 antiqui
316 2864 474 2933 putavere,
507 2859 614 2937 quippe
639 2860 677 2919 ita
702 2858 878 2934 censebant,
911 2858 1000 2918 satius
1027 2875 1095 2916 esse

92 2940 184 2999 minus
200 2955 302 2998 serere
317 2947 351 3008 et
361 2939 464 2999 melius
480 2958 579 3016 arare,
610 2943 710 3021 quain
729 2944 871 3001 sententia
890 2951 920 3000 et
934 2941 1095 3018 Vergilium

91 3023 183 3083 fuisse
211 3023 309 3082 video.
348 3040 506 3101 verumque
533 3026 736 3086 confitentibus
765 3025 912 3085 latifundia
939 3025 1096 3102 perdidere

91 3106 219 3182 ltaliam,
241 3108 296 3166 iarn
311 3122 383 3165 vero
400 3115 429 3165 et
446 3108 620 3185 provincias.
658 3128 712 3169 sex
730 3109 835 3169 domini
851 3109 1002 3169 semissem
1018 3109 1095 3168 Afri-

55 3207 146 3252 sscae
173 3190 380 3270 possidebant,
410 3208 474 3249 cum
497 3192 644 3252 interfecit
672 3210 725 3253 eos
750 3192 830 3253 Nero
857 3194 1012 3271 princeps,
1040 3209 1097 3251 non

91 3274 250 3336 fraudando
276 3274 470 3352 magnitudine
496 3273 552 3334 hac
579 3291 696 3355 quoquo
719 3295 772 3338 sua
800 3275 852 3336 Gn.
875 3277 1014 3354 Pompeio
1048 3278 1096 3351 qui

92 3376 243 3438 numquam
255 3378 355 3438 agrum
369 3367 514 3419 mercatus
533 3367 578 3419 est
594 3362 810 3421 conterminum.
832 3360 915 3437 Agro
932 3368 1028 3438 empto
1045 3357 1095 3416 do·

92 3458 167 3501 mum
183 3443 364 3505 recudendam
388 3443 579 3504 inclementer
605 3453 691 3525 atque
716 3463 774 3504 non
789 3462 828 3503 ex
847 3445 972 3582 utilqtqte
988 3440 1108 3516 publia&
