2422 3840
118 186 180 248 234
457 199 487 246 c.
499 198 594 245 annm
610 197 761 246 sncnuor

76 365 108 417 ll
187 354 250 432 (8.)
281 351 319 412 Et
339 355 393 412 iam
409 361 476 411 tnnc
495 368 622 412 coronae
638 352 756 412 deorum
776 353 868 412 honos
888 362 970 411 erant
987 361 1017 412 et
1032 354 1130 414 larum

118 437 300 518 publicorum
331 438 566 514 privatorumque
603 452 638 495 ac
669 435 890 512 sepulchrorum
922 445 951 494 et
986 438 1129 512 manium,

119 538 286 596 summaque
314 521 471 579 auotoritas
497 519 596 596 pactili
623 535 767 595 coronae,
795 521 834 578 nti
860 519 1003 579 Saliorum
1029 523 1129 580 sacris

117 605 276 663 invenimus
299 604 446 663 sollemnis
470 621 529 661 eas.
568 604 710 661 transiere
732 603 835 664 deinde
859 603 895 662 ad
916 604 1046 678 rosaria,
1077 623 1129 666 eo·

119 707 175 765 qne
197 687 309 746 luxuria
330 688 477 764 processit
495 695 597 745 utnon
615 694 695 745 esset
708 687 800 762 gratia
813 687 869 744 nisi
886 703 967 745 mero
986 686 1062 747 lolio
1079 705 1155 747 su·a

117 773 176 846 tili,
192 788 260 830 mox
276 773 373 848 petitis
389 770 425 830 ab
441 769 520 829 India
535 779 583 829 aut
597 769 672 829 ultra
685 768 782 828 lndos.
805 770 993 829 lautissimum
1011 772 1129 850 qnippe

117 854 240 915 habetur
255 873 271 913 e
288 855 368 914 nardi
385 854 457 913 folio
475 871 525 912 cas
548 853 607 913 dari
629 862 677 912 ant
696 861 779 911 veste
798 853 899 912 Serica
916 853 1127 931 versicoloris,

118 940 270 1015 unguentis
287 938 424 998 madidas.
458 936 533 997 lrnnc
550 935 639 997 babet
656 937 813 995 novissime
828 938 934 996 exitum
949 936 1066 997 luxuria
1082 939 1128 999 ie·

77 1117 110 1169 12
118 1039 309 1182 mmlbllhllt
326 1103 401 1180 apud
418 1099 547 1161 Graecos
563 1102 679 1180 quidem
700 1103 736 1161 de
761 1103 877 1162 coronis
898 1103 1164 1181 privatimscri·1c

119 1205 207 1266 psere
224 1195 253 1245 et
267 1180 445 1244 Mnesitheus
461 1193 548 1262 atque
562 1183 754 1245 Callimachus
770 1187 875 1246 medici
890 1203 965 1264 quae
979 1198 1130 1248 nocerent

119 1271 223 1347 capiti,
252 1270 386 1348 qnoniam
408 1277 437 1327 et
459 1269 487 1326 in
508 1269 565 1328 hoc
587 1278 632 1328 est
652 1270 748 1346 aliqua
769 1269 933 1329 valitudinis
955 1271 1074 1346 portio,
1100 1274 1130 1331 in

118 1362 188 1432 potu
208 1361 294 1430 atque
318 1352 461 1412 hilaritate
481 1353 638 1430 praecipue
656 1352 776 1412 odorum
795 1354 823 1411 ri
845 1352 1025 1430 subrepente
1040 1353 1129 1416 ialla·

118 1438 200 1501 citer.
225 1437 370 1496 scelerata
385 1445 430 1495 est
446 1433 620 1514 Cleopatrae
635 1436 775 1497 sollertia.
801 1454 924 1515 namque
939 1438 967 1495 in
982 1439 1129 1514 adparatu

117 1520 189 1580 belli
207 1520 320 1579 Actiaci
342 1519 582 1596 gratificationem
602 1520 692 1597 ipsius
715 1520 834 1596 reginae
855 1519 981 1580 Antonio
1002 1520 1129 1582 timente
1138 1533 1162 1575 1⁶

116 1621 174 1664 nec
197 1604 252 1663 nisi
279 1611 484 1681 praegustatos
513 1602 594 1662 cibos
620 1611 750 1663 sumente
776 1602 867 1662 fertur
892 1620 1034 1680 pauorem
1062 1606 1130 1667 eins

117 1689 223 1748 lusisse
246 1688 383 1746 extremis
406 1702 532 1746 coronae
555 1685 674 1746 lloribns
694 1703 809 1747 veneno
829 1687 915 1746 inlitis
934 1688 1060 1765 ipsaque
1079 1707 1128 1750 ca·

117 1773 169 1849 piti
191 1773 332 1849 inposita,
354 1786 422 1828 mox
446 1769 625 1848 procedente
647 1771 789 1830 hilaritate
816 1770 945 1829 inritavit
965 1768 1128 1832 Antonium

117 1864 147 1915 nt
175 1871 299 1914 coronas
324 1852 465 1912 biberent.
501 1854 565 1930 quis
589 1853 628 1912 ita
648 1854 763 1912 timeret
784 1850 922 1913 insidias?
951 1869 1025 1930 ergo
1053 1872 1127 1915 con·

118 1947 219 2014 carpta
239 1940 267 1996 in
287 1936 428 2011 scyphum
442 1937 590 2013 incipienti
606 1935 720 1996 haurire
736 1937 872 2014 opposita
888 1954 987 1996 manu:
1010 1954 1047 1996 en
1065 1951 1162 2016 egone

119 2038 198 2096 sum,
220 2020 310 2096 iuquit
329 2018 396 2091 illa,
417 2016 516 2078 Marce
537 2017 660 2093 Antoni,
684 2037 768 2098 qnam
785 2029 814 2079 tu
834 2036 909 2079 nova
929 2031 1128 2097 praegustan-

116 2104 185 2162 tium
207 2102 354 2179 diligentia
377 2120 480 2178 oaves,
503 2102 576 2162 adeo
598 2103 684 2177 milri,
707 2105 731 2162 si
752 2105 862 2180 possim
882 2104 944 2162 sine
960 2112 989 2161 te
1006 2105 1127 2183 vivere,

118 2187 236 2246 occasio
262 2194 310 2246 ant
338 2187 412 2246 ratio
438 2186 536 2247 deest!
574 2187 639 2247 inde
664 2186 806 2246 inductam
833 2186 991 2246 custodiam
1017 2187 1128 2250 bibere

76 2278 109 2334 13
118 2270 201 2330 iussit
226 2271 308 2330 illico
335 2271 539 2348 exspirantem.
569 2269 615 2330 lla
637 2270 864 2348 floribussupra
886 2270 980 2330 dictos
1003 2273 1130 2350 scripsit

118 2353 337 2433 Theophrastus
363 2354 439 2430 apud
465 2353 611 2428 Graecos,
640 2371 677 2412 ex
698 2355 804 2412 nostris
825 2362 920 2414 antem
939 2353 1163 2432 inscripsereat

116 2438 204 2517 aliqui
225 2438 315 2498 libros
338 2435 559 2512 anthologicon,
579 2435 668 2496 flores
684 2453 756 2495 vero
772 2445 945 2514 persecutns
962 2444 1009 2494 est
1022 2454 1127 2517 nemo,

116 2522 193 2598 qnod
220 2520 353 2598 equidem
382 2520 532 2580 inveniam.
583 2537 639 2579 nec
663 2535 717 2578 nos
745 2537 819 2579 nunc
850 2519 964 2579 scilieet
993 2536 1128 2584 coronas

115 2613 264 2662 nectemus
279 2637 321 2650 —
333 2603 362 2663 id
381 2605 455 2662 enim
475 2603 610 2663 frivolum
636 2611 681 2663 est
696 2637 754 2679 -‚
775 2602 828 2663 sed
850 2603 887 2663 de
906 2601 1028 2662 floribus
1043 2622 1128 2684 quae

115 2686 287 2746 videbuntur
305 2685 391 2761 digna
405 2686 637 2753 memorabimus.

74 2781 107 2835 14
180 2771 209 2829 4.
234 2768 319 2847 (10.)
339 2769 512 2828 Paucissima
528 2771 619 2829 nostri
633 2787 743 2846 genera
756 2776 1027 2830 coronamentorum
1044 2771 1164 2832 interae

19 2884 25 2893 -
114 2854 263 2913 hortensia
280 2868 409 2926 novere,
434 2868 468 2910 ac
490 2870 585 2930 paene
606 2852 699 2911 violas
721 2869 864 2930 rosasque
889 2861 1008 2912 tantum.
1039 2851 1129 2916 Rosa

114 2938 242 2998 nascitur
267 2936 349 3012 spina
373 2936 472 2994 verius
498 2954 582 3013 quam
606 2935 729 3010 frutice,
758 2937 787 2995 in
811 2935 885 2996 rabo
906 2952 1025 3016 qnoque
1052 2955 1128 3016 pro·

115 3023 251 3094 veniens,
272 3018 334 3078 illic
349 3019 434 3077 etiam
449 3019 564 3079 iucundi
579 3019 694 3095 odoris,
718 3020 847 3097 quamvis
863 3020 985 3096 angusti.
1012 3023 1128 3095 germi-

113 3111 162 3165 nat
184 3103 274 3162 omnis
296 3104 389 3181 primo
408 3103 520 3164 inclusa
541 3119 669 3179 granoso
693 3103 817 3179 cortica,
840 3119 898 3181 quo
915 3118 983 3160 mox
998 3103 1128 3165 intume-

114 3195 215 3247 scente
239 3194 268 3245 et
285 3187 314 3245 in
334 3186 433 3247 viridis
458 3185 621 3246 alabastros
642 3187 780 3264 fastigato
801 3186 936 3264 paulatim
956 3184 1164 3250 rubescensss

114 3271 238 3332 dehiscit
255 3288 290 3330 ac
304 3287 372 3330 sese
387 3269 486 3348 pandit
499 3270 528 3328 in
544 3270 663 3344 calyces
678 3269 773 3329 medio
790 3269 833 3328 sni
851 3270 954 3329 stantis
972 3270 1129 3348 conplexa

73 3365 105 3418 15
116 3354 212 3415 luteos
240 3355 349 3431 apices.
396 3370 465 3412 usus
491 3355 553 3412 eius
579 3355 607 3413 in
634 3355 751 3414 coronis
776 3370 870 3431 prope
895 3353 1037 3413 minumus
1065 3366 1126 3417 est.

108 3438 179 3498 oleo
194 3445 377 3513 maceratur,
407 3436 494 3513 idque
516 3437 570 3496 iam
594 3455 610 3497 a
632 3436 764 3497 Troianis
786 3434 966 3513 temporibus
987 3434 1128 3500 Homero
