2422 3840
118 196 178 255 174
465 200 493 246 o.
512 200 608 246 entur
623 190 774 247 suenum

117 361 183 422 solo
206 356 349 436 gaudeat,
372 355 455 430 rigua
478 353 548 413 odit.
572 363 601 413 et
620 363 716 413 tamen
731 355 911 433 proprietate
929 355 1052 434 quadarn
1068 356 1128 416 soli

118 450 261 517 constant,
288 438 500 499 laudatissimus
522 438 550 496 in
565 437 721 515 Aegypto,
744 455 812 497 mox
833 437 932 498 Ostiae
952 448 1040 516 atque
1060 439 1128 500 Ari·

118 527 191 588 ciae.
225 523 330 583 sectivi
353 521 411 582 dno
432 538 559 597 genera:
594 521 770 581 herbaceum
799 522 870 582 iolio
899 524 1033 582 incisuris
1061 526 1126 583 eius

117 607 300 670 evidentibus
317 622 375 684 quo
391 613 505 664 utuntur
520 605 776 680 medicamentarii,
793 606 915 666 alterurn
930 624 1023 683 genus
1041 607 1126 668 flavi·

116 694 206 755 dioris
222 691 274 751 ioli
290 690 535 768 rotundiorisque,
554 688 715 748 leuioribus
733 690 875 749 incisuris.
898 688 985 750 Fama
1001 700 1048 750 est
1057 690 1148 751 lle-s

116 778 173 838 lam
190 775 334 854 equestris
351 773 477 848 ordinis,
502 790 582 832 reum
600 791 637 832 ex
653 775 859 850 procuratione
877 792 893 834 a
911 772 1027 834 Tiberio
1044 776 1125 853 prin·

117 863 183 940 cipe
205 859 395 932 accersitum,
416 858 444 914 in
460 874 568 916 summa
584 858 790 936 desperatione
806 875 877 917 suco
892 859 972 936 porri
986 857 1023 918 ad
1037 860 1126 919 trium

116 944 299 1006 denariorum
316 949 519 1017 argenteorum
535 940 647 1017 pondus
664 939 766 1001 hausto
783 942 936 1001 confestim
952 942 1126 1021 exspirasse

116 1030 179 1088 sine
197 1027 334 1086 cruciatu.
360 1023 531 1102 ampliorem
545 1024 660 1084 modum
673 1034 782 1100 negant
797 1027 914 1084 noxium
928 1042 1005 1088 esse.

74 1126 122 1178 111
194 1105 277 1189 (34.)
294 1107 391 1167 Alium
406 1108 442 1167 ad
456 1107 543 1168 multa
557 1108 631 1166 ruris
644 1108 804 1185 praecipue
815 1108 1022 1168 medicamenta
1032 1110 1123 1187 prod·
1135 1127 1158 1167 ro

118 1213 186 1256 esse
210 1193 346 1252 creditur.
376 1192 552 1250 tenuissimis
575 1199 604 1250 et
626 1207 701 1268 quae
724 1202 895 1270 separantur
912 1195 940 1251 in
956 1194 1125 1253 universum

116 1279 230 1338 velatur
250 1275 437 1351 membranis,
467 1292 536 1334 mox
548 1274 679 1353 pluribus
700 1286 917 1353 coagmentatur
933 1276 1065 1352 nucleis,
1094 1287 1125 1336 et

117 1363 161 1424 his
176 1361 331 1440 separatim
350 1359 470 1419 vestitis.
498 1359 595 1437 asperi
610 1360 797 1436 saporisque
811 1360 910 1438 plures
925 1360 1021 1419 nuclei
1036 1361 1124 1420 luere

116 1446 173 1506 lroe
186 1453 231 1505 est
243 1444 384 1523 asperius.
401 1443 526 1503 taedium
538 1442 604 1502 huic
615 1460 733 1521 qnoque
744 1443 843 1520 halitu,
855 1453 890 1502 ut
902 1446 994 1522 cepis,
1011 1445 1124 1505 nullum

75 1541 126 1594 112
137 1539 233 1589 tamen
257 1529 360 1588 coctis.
403 1525 545 1587 Generum
561 1527 722 1587 differentia
739 1529 915 1606 intempore
930 1563 971 1573 -
986 1545 1154 1606 praecona

116 1613 283 1673 maturescit
305 1611 455 1688 sexaginta
476 1610 578 1670 diebus
600 1646 657 1686 -,
680 1619 737 1670 tum
757 1612 787 1669 in
808 1612 1012 1690 magnitudine.
1045 1613 1123 1690 ulpi-

117 1716 181 1756 cum
204 1713 320 1775 quoque
343 1697 372 1753 in
396 1694 453 1753 hoc
473 1712 584 1770 genere
610 1693 717 1754 Graeci
741 1695 932 1773 appellavere
954 1695 1039 1756 alium
1065 1694 1123 1772 Cy-

116 1782 218 1860 prium,
237 1779 285 1839 alii
301 1778 523 1853 antiseorodon,
540 1777 700 1856 praecipue
715 1778 833 1838 Africae
849 1778 1029 1838 celebratum
1046 1782 1124 1840 inter

115 1862 303 1942 pulmentaria
320 1861 410 1935 ruris,
432 1861 569 1936 grandius
585 1860 653 1920 alio.
681 1863 776 1920 tritum
795 1864 823 1920 in
838 1862 905 1920 oleo
922 1873 951 1921 et
967 1873 1055 1922 aceto
1072 1865 1121 1922 mi·

115 1967 177 2007 rum
200 1954 333 2023 quantum
347 1945 485 2003 increscit
504 1960 614 2021 spuma.
660 1943 780 2017 Quidam
795 1945 923 2024 ulpicum
942 1955 971 2004 et
987 1947 1078 2007 alium
1093 1949 1155 2006 inno

115 2030 202 2108 plano
223 2029 282 2087 seri
303 2036 401 2087 vetant
423 2027 654 2105 castellatimque
674 2028 813 2104 grumulis
829 2029 927 2107 inponi
946 2030 1122 2091 distantibus

115 2115 190 2172 inter
211 2130 244 2170 se
266 2111 358 2190 pedes
381 2120 491 2170 ternos.
530 2113 605 2170 inter
627 2129 717 2188 grana
738 2113 819 2189 digiti
839 2126 895 2172 1111
909 2115 1055 2174 interesse
1071 2115 1122 2175 de·

115 2197 201 2273 beat,
228 2196 311 2256 simul
332 2204 418 2274 atque
440 2197 495 2257 tria
515 2196 585 2256 folia
607 2206 778 2274 eruperunt,
801 2198 892 2257 sariri.
923 2198 1124 2274 grandescunt

72 2291 124 2345 113
136 2298 193 2360 quo
215 2280 333 2358 saepius
354 2281 506 2340 sariuntur.
550 2279 803 2349 lllaturesoeutium
825 2281 924 2340 caules
940 2281 1078 2359 depressi
1094 2285 1123 2341 in

114 2375 221 2424 terram
243 2364 410 2424 obruuntur.
438 2365 477 2424 ita
499 2371 617 2423 cavetur
637 2382 674 2422 ue
695 2364 723 2422 in
739 2365 871 2425 frondem
888 2365 1040 2424 luxurient.
1089 2365 1154 2426 lnat

115 2449 227 2524 frigidis
249 2447 346 2507 utilius
367 2465 438 2506 vere
460 2449 519 2506 seri
534 2465 618 2523 quam
634 2457 776 2507 autumno.
801 2457 902 2507 cetero
918 2457 948 2508 ut
963 2449 1056 2508 odore
1073 2468 1122 2510 ca·

113 2540 211 2605 reant,
229 2531 320 2590 omnia
338 2529 414 2589 haec
431 2529 565 2589 iubentur
582 2531 651 2605 seri,
669 2547 731 2588 eum
748 2531 813 2591 luna
830 2530 1038 2608 subterrant,
1057 2535 1122 2593 ool·

114 2615 183 2690 ligi,
206 2633 269 2672 oum
291 2615 319 2672 in
346 2615 432 2673 coitu.
464 2616 526 2673 siue
547 2614 591 2672 lris
607 2613 764 2674 Menander
782 2634 798 2674 e
817 2615 936 2676 Graecis
952 2625 1054 2675 auctor
1075 2627 1123 2678 est

114 2698 200 2756 alium
219 2697 386 2775 edentibus,
409 2698 433 2756 si
448 2698 575 2758 radicem
589 2697 675 2757 betae
690 2699 717 2756 in
733 2717 823 2776 pruna
839 2708 944 2760 tostam
958 2701 1120 2776 superede·

73 2783 204 2856 114rint,
223 2780 342 2840 odorem
359 2782 513 2858 exstingui.
559 2782 631 2840 Sunt
646 2783 693 2860 qui
710 2791 740 2841 et
754 2783 839 2842 aliurn
856 2792 886 2842 et
901 2784 1027 2861 ulpicum
1043 2786 1154 2845 intereo

115 2864 278 2943 Gonpitalia
300 2882 335 2924 ac
356 2865 518 2925 Saturnalia
539 2866 598 2923 seri
619 2867 766 2944 aptissime
783 2876 893 2944 putent.
919 2867 1005 2928 alium
1025 2877 1054 2926 et
1072 2889 1120 2929 se·

113 2954 188 3009 mine
203 2951 353 3028 provenit,
376 2949 429 3008 sed
445 2948 537 3008 tarde.
566 2950 658 3027 primo
675 2951 748 3009 euim
763 2969 837 3011 anno
853 2952 933 3030 porri
949 2953 1120 3013 crassitudi-

112 3052 178 3093 nem
200 3034 296 3112 capite
321 3033 427 3108 elficit,
454 3035 588 3110 sequenti
613 3034 762 3111 dividitur,
790 3037 876 3095 tertio
893 3045 1120 3114 consummatur,

113 3115 321 3196 pulchriusque
336 3117 395 3177 tale
412 3117 574 3176 existimant
589 3118 711 3197 quidam.
735 3119 764 3179 in
778 3137 878 3180 semen
895 3119 975 3179 exire
991 3136 1049 3178 uon
1067 3121 1120 3180 de·

112 3199 179 3277 bet,
197 3201 249 3260 sed
265 3202 424 3279 intorqueri
440 3202 529 3262 caulis
544 3210 622 3262 satus
637 3203 740 3280 gratia,
757 3204 797 3263 uti
815 3213 902 3282 caput
917 3202 1039 3262 validius
1056 3204 1117 3265 liat.
1129 3228 1153 3271 rs

70 3295 121 3350 115
131 3284 215 3359 Quod
231 3287 256 3344 si
271 3285 376 3344 diutius
387 3286 472 3346 alium
484 3304 643 3366 cepamque
657 3288 821 3347 inveterare
832 3286 933 3366 libeat,
949 3303 1024 3364 aqua
1037 3289 1120 3350 salsa

112 3371 210 3449 tepida
226 3370 322 3449 capita
335 3370 488 3448 unguenda
503 3381 576 3430 sunt.
602 3373 641 3431 ita
657 3371 833 3431 diuturniora
848 3369 917 3429 fient
933 3369 1120 3452 melioraque

110 3455 177 3513 usui
197 3463 228 3514 et
245 3456 274 3514 iu
299 3463 362 3515 satu
389 3455 509 3518 sterilia.
544 3456 592 3516 alii
609 3455 736 3515 conteuti
752 3463 816 3515 sunt
829 3454 922 3533 primo
937 3471 1027 3532 super
1047 3475 1119 3535 pru-
