2422 3840
113 180 152 242 58
453 189 482 239 o.
500 191 595 237 eursu
614 183 764 237 succum

112 343 267 420 gallinacei
283 343 419 418 generis,
436 359 521 419 quam
536 344 658 400 minume
673 343 826 415 rimosum,
847 359 884 399 ne
899 349 1053 417 penetrans
1066 341 1115 403 sol

71 438 107 491 to
119 436 219 486 exurat
235 425 332 486 fibras.
366 426 519 485 intervallo
536 425 742 504 sesquipedum
761 419 839 499 s'eri,
860 425 965 482 namsi
983 425 1057 482 inter
1078 444 1113 485 se

115 512 291 586 contingant,
307 517 424 586 praeter
438 508 494 567 alia
509 510 577 568 vitia
595 509 679 568 etiam
693 508 855 567 verminosa
872 506 951 566 dunt.
982 507 1048 567 ideo
1066 527 1112 568 sa·

113 595 163 653 riri
182 593 316 653 convenit
332 593 449 669 saepius
463 590 629 668 herbasque
642 592 741 666 evelli,
753 600 906 670 praeterea
922 592 1030 650 semina
1047 593 1124 671 ipsa,

70 687 102 740 ‘ll
118 677 280 736 fruticantia
301 684 458 753 supputare
482 693 517 734 ac
537 675 641 733 lalcem
664 676 723 753 pati
744 691 950 734 consuescere.
986 671 1058 733 Cato
1079 685 1135 737 ets

113 761 203 820 iuncis
229 761 315 818 eratis
339 761 436 837 inponi
458 758 537 817 iubet
556 758 704 818 altitudine
726 758 864 833 bominiS,
889 757 924 816 ad
948 757 1041 816 solem
1064 777 1111 818 re·

115 843 276 921 cipiendum
293 853 380 922 atque
396 843 485 918 integi
507 841 601 901 culmo
627 841 662 901 ad
681 842 790 918 frigora
806 841 940 900 arcenda.
974 843 1017 900 sic
1032 843 1111 919 piro-

113 946 175 987 rum
189 927 386 1004 malorumque
402 927 510 985 semina
522 927 632 1000 nutriri,
645 927 688 984 sie
704 927 804 1002 pineas
816 942 916 999 nuces,
933 926 975 983 sic
990 942 1111 1002 cupres-

115 1029 164 1070 sos
181 1011 289 1069 semine
307 1019 384 1068 satas
401 1018 429 1067 et
445 1011 533 1085 ipsas.
565 1010 694 1067 minumis
708 1009 736 1067 id
752 1009 850 1084 granis
865 1017 992 1087 constat,
1015 1017 1045 1067 ut
1061 1011 1112 1068 vix

69 1103 106 1157 ta
119 1094 246 1172 perspici
267 1091 406 1170 quaedam
434 1093 555 1169 possint.
592 1090 657 1150 Non
679 1091 863 1151 omittendum
885 1100 1003 1150 naturae
1025 1093 1109 1151 mira·
1122 1109 1148 1151 ro

115 1177 209 1236 culum
226 1194 242 1233 e
257 1184 313 1233 tam
329 1192 420 1253 parvo
430 1175 509 1251 gigni
523 1175 644 1233 arbores
656 1184 734 1234 tanto
746 1177 855 1234 maiore
867 1174 953 1233 tritici
965 1185 994 1234 et
1006 1174 1110 1235 hordei

115 1277 216 1338 grano,
233 1277 268 1317 ne
285 1260 348 1336 quis
364 1258 458 1317 labam
472 1268 597 1335 reputet.
629 1258 695 1336 quid
715 1258 808 1318 simile
830 1259 950 1334 originis
972 1276 1043 1318 suae
1059 1258 1110 1318 ba·

115 1344 184 1402 bent
200 1342 337 1400 malorum
353 1344 537 1420 pirorumque
553 1339 681 1400 semina?
707 1341 751 1400 his
764 1342 912 1420 principiis
924 1351 1111 1419 respuentem

115 1427 226 1486 securis
241 1427 388 1485 materiam
404 1426 499 1500 nasci,
519 1425 655 1485 indomita
670 1424 847 1503 ponderibus
862 1426 999 1484 inmensis
1014 1425 1110 1503 prela,

116 1509 341 1584 arboresvelis,
364 1510 489 1571 turribus
513 1511 659 1586 murisque
684 1509 856 1586 inpellendis
876 1504 1006 1568 arietes?
1034 1508 1147 1568 haecne

116 1602 160 1652 est
176 1602 292 1652 naturae
303 1594 357 1667 vis,
374 1593 447 1652 baec
463 1594 600 1670 potentia.
627 1611 716 1670 super
731 1594 824 1651 omnia
836 1593 890 1651 erit
902 1610 918 1650 e
932 1592 1047 1651 lacrima
1060 1609 1109 1650 ua-

72 1676 181 1754 73ll3¹32
193 1677 235 1734 sci
248 1676 365 1752 aliquid,
379 1685 408 1734 ut
420 1693 473 1734 suo
492 1676 559 1734 loco
576 1675 713 1734 dicemus.
729 1674 809 1752 Ergo
822 1694 838 1734 e
851 1693 991 1753 cupresso
1003 1675 1110 1734 femina

78 1778 204 1826 nsmq-
219 1777 278 1818 mas
294 1759 378 1832 euim,
401 1768 431 1817 ut
446 1759 583 1833 diximus,
599 1775 655 1817 non
672 1760 764 1835 gignit
779 1792 821 1802 —-
838 1759 945 1836 pilulae
964 1758 1109 1818 collectae

84 1841 220 1918 soquibus
242 1842 327 1900 docui
352 1841 497 1900 mensibus
520 1843 663 1900 siccantur
687 1842 767 1917 sole,
797 1851 958 1919 ruptaeque
981 1843 1110 1900 emittunt

115 1942 214 1983 semen
230 1925 358 1983 iormicis
372 1926 444 1982 mire
461 1926 628 2002 expetitum,
643 1926 777 2002 ampliato
795 1927 880 1984 etiam
894 1925 1032 1985 miraculo
1047 1934 1108 1984 tau·
1120 1943 1147 1983 ao

115 2007 166 2065 tuli
182 2007 310 2066 animalis
326 2007 391 2066 cibo
410 2007 519 2066 absumi
533 2006 657 2066 natalem
673 2008 811 2068 tantarum
828 2009 970 2068 arborum.
1003 2010 1110 2067 seritur

116 2089 210 2166 Aprili
232 2108 349 2165 mense,
371 2108 439 2150 area
463 2100 584 2169 aequata
604 2091 741 2166 cylindris
763 2101 810 2151 aut
825 2092 962 2169 volgiolis
979 2091 1109 2168 densum,

71 2179 255 2250 internaque
269 2173 370 2233 cribris
384 2176 630 2252 superincernitur
644 2174 760 2253 pollicis
776 2176 975 2234 crassitudine.
1002 2173 1109 2234 Contra

114 2257 227 2316 inmane
244 2257 356 2335 pondus
373 2258 507 2318 attollere
520 2276 552 2318 se
566 2276 624 2318 non
634 2260 711 2318 valet
730 2267 939 2337 torqueturque
955 2258 1107 2318 subterra.

116 2341 153 2399 ob
170 2341 226 2401 boc
240 2350 269 2399 et
284 2343 398 2419 pavitur
413 2343 553 2418 vestigiis.
585 2343 688 2401 leviter
708 2344 817 2418 rigatur
837 2360 853 2400 a
869 2342 940 2402 solis
958 2359 1065 2402 occasu
1081 2343 1145 2399 ines

115 2425 195 2483 trinis
214 2425 326 2501 diebus,
338 2434 369 2484 ut
383 2426 544 2502 aequaliter
559 2426 648 2501 bibat,
661 2425 755 2485 donec
766 2435 922 2504 erumpant.
941 2426 1109 2486 differuntur

115 2517 182 2584 post
198 2526 299 2567 annum
316 2507 476 2568 dodrantali
492 2508 552 2585 filo,
568 2509 709 2569 custodita
725 2510 867 2587 temperie
884 2519 914 2568 ut
930 2509 1013 2568 viridi
1026 2508 1109 2568 caelo

116 2599 247 2649 serantur
262 2610 297 2650 ae
312 2593 374 2649 siue
394 2609 471 2652 aura.
500 2594 658 2672 mirumque
674 2592 760 2663 dictu,
772 2594 932 2670 periculum
949 2609 985 2651 eo
1002 2601 1109 2652 tantum

116 2673 162 2732 die
180 2682 239 2748 est,
262 2676 286 2733 si
306 2677 413 2733 roravit
428 2677 717 2754 quantulumcumque
735 2670 864 2751 imbrem,
878 2686 926 2737 aut
942 2677 966 2735 si
983 2675 1107 2736 adflavit.

116 2756 152 2816 de
177 2757 289 2834 reliquo
311 2766 387 2816 tutae
408 2767 472 2817 sunt
489 2769 631 2837 perpetua
656 2761 811 2819 securitate
833 2777 981 2838 aquasque
1004 2768 1107 2837 postea
1117 2776 1144 2818 so

73 2847 107 2900 ts
121 2839 220 2899 odere.
249 2839 288 2908 Et,
300 2838 410 2917 zizipha
426 2859 516 2917 grano
529 2851 664 2901 seruntur
676 2841 771 2920 Aprili
784 2861 892 2902 mense.
920 2843 1038 2904 tubures
1049 2859 1108 2900 me·

115 2925 170 2982 lius
186 2927 348 2983 inseruntur
363 2925 392 2982 in
407 2941 498 3001 pruno
514 2924 640 2984 silvestri
657 2934 686 2984 et
700 2925 775 2984 malo
795 2935 920 2986 cotoneo
938 2937 967 2986 et
988 2927 1015 2985 in
1031 2924 1108 2984 cala·

115 3006 205 3065 brice.
237 3027 271 3067 ea
289 3015 333 3066 est
349 3009 430 3084 spina
448 3006 600 3067 silvestris.
624 3026 821 3087 quaecumque
837 3020 953 3088 optume
967 3018 997 3068 et
1008 3026 1109 3082 myxas

115 3090 228 3165 recipit,
245 3091 353 3149 utiliter
369 3099 397 3148 et
409 3089 523 3150 sorbos.
547 3093 594 3152 11.
608 3091 723 3152 Plantas
736 3110 772 3152 ex
785 3094 938 3154 seminario
950 3093 1109 3154 transferre

116 3175 143 3230 in
160 3172 236 3232 aliud
252 3176 416 3251 priusquam
434 3192 486 3234 suo
503 3175 571 3234 loco
587 3184 729 3253 ponantur
743 3193 871 3254 operose
887 3177 1017 3256 praecipi
1034 3174 1144 3238 arbi-as

115 3264 187 3332 tror,
206 3256 274 3315 licet
290 3256 476 3315 translatione
492 3258 562 3318 lolia
580 3258 682 3318 latiora
697 3259 760 3319 fieri
776 3260 947 3338 spondeant.

74 3347 108 3401 76
180 3340 264 3419 (15.)
286 3339 444 3415 Ulmorum,
463 3341 628 3419 priusquam
642 3341 720 3401 foliis
735 3344 904 3420 vestientur,
920 3360 1031 3403 samara
1048 3341 1108 3400 col·

115 3422 229 3499 ligenda
241 3433 284 3483 est
294 3421 495 3484 circalllmtias
508 3424 659 3501 kalendas,
670 3444 732 3484 cum
742 3426 904 3486 flavescere
916 3428 1025 3506 incipit.
1043 3424 1111 3485 dein
