2422 3840
340 201 421 248 nar.
438 200 529 246 nrsr.
546 199 619 247 xm.
637 197 756 250 aa-ar.
772 184 937 270 (ss—101.)
984 258 989 271 ,
1084 187 1144 249 263

202 354 252 414 25.
277 353 362 432 (96.)
385 352 588 427 ilelichrysum
608 352 656 411 alii
679 352 920 427 chrysanthemon
942 364 1063 430 vocant,
1079 373 1124 415 ra·
1137 365 1188 419 168

138 436 232 497 mulos
249 436 337 498 babet
352 436 508 512 candidos,
528 435 597 495 lolia
611 434 775 511 subalbida,
794 436 957 497 habrotono
973 439 1092 514 similia,
1109 440 1144 499 ad

138 520 209 580 solis
225 538 429 597 repercussum
446 537 552 579 aureae
573 518 646 578 lucis
662 520 690 576 in
706 519 805 578 orbem
826 520 916 580 veluti
933 521 1079 597 corymbis
1094 524 1144 582 de-

137 603 345 682 pendentibus,
370 604 417 682 qui
440 619 590 680 numquam
612 611 810 677 marcescunt,
833 605 940 681 quade
966 623 1053 664 causa
1072 605 1144 666 deos

111 707 124 746 s
138 697 277 748 coronant
290 687 352 762 itio,
365 686 443 765 quod
456 686 675 762 diligentissime
687 687 814 745 servavit
823 685 1007 746 Ptolemaeus
1016 688 1145 767 Aegypti

135 790 199 831 rex.
215 772 342 831 nascitur
358 772 386 828 in
406 769 548 828 frutectis.
567 769 624 828 ciet
638 770 733 828 urinas
751 770 846 828 evino
862 779 931 847 pota
949 779 978 829 et
993 789 1118 830 menses.
1134 783 1186 837 169

136 854 255 914 duritias
272 863 301 912 et
316 852 553 912 inflammationes
569 852 699 925 discutit,
722 852 860 913 ambustis
879 871 943 912 curn
958 854 1046 913 melle
1061 855 1142 932 inpo·

135 940 219 998 nitur.
252 945 353 996 contra
369 937 545 1015 serpentium
561 937 634 994 ictus
648 944 677 995 et
688 934 848 995 lumborum
865 937 933 995 vitia
950 935 1064 996 bibitur.
1079 956 1143 997 san·

135 1023 251 1099 guinem
275 1029 443 1080 concretum
461 1020 572 1079 ventris
594 1028 642 1078 aut
664 1021 783 1079 vesicae
808 1019 931 1079 absumit
957 1038 1019 1079 cum
1036 1021 1140 1080 mulso.

99 1122 125 1162 so
135 1105 205 1165 iolia
220 1106 282 1164 eins
294 1105 359 1164 trita
372 1103 456 1163 trium
468 1103 620 1164 obolorum
631 1103 762 1181 pondere
774 1107 877 1163 sistunt
888 1103 1030 1181 profluvia
1041 1104 1142 1164 mulie·

133 1206 195 1247 rum
209 1191 238 1248 in
251 1190 318 1248 vino
337 1186 415 1248 albo.
442 1189 533 1246 vestis
550 1195 645 1246 tuetur
660 1188 751 1246 odore
767 1204 824 1245 non
841 1188 1009 1264 ineleganti.

196 1271 246 1331 26.
271 1272 355 1349 (97.)
369 1270 547 1345 Hyacinthus
561 1271 590 1327 in
606 1269 697 1329 Gallia
708 1288 840 1330 maxume
854 1273 997 1349 provenit.
1014 1271 1071 1330 hoc
1083 1272 1122 1333 ibi
1134 1281 1184 1336 170

133 1353 201 1412 inco
210 1353 362 1430 hysginum
376 1356 496 1430 tingunt.
514 1352 596 1411 radix
612 1362 657 1411 cst
673 1351 827 1428 bulbacea,
840 1355 1018 1430 mangonicis
1032 1356 1141 1416 venali·

126 1437 186 1506 ciis
202 1436 323 1517 pulchre
340 1446 425 1512 nota,
443 1454 517 1513 qnae
533 1454 549 1494 e
563 1436 631 1495 vino
644 1435 720 1495 dulci
736 1436 813 1496 inlita
826 1437 1009 1516 pubertatem
1022 1449 1142 1498 coercet

97 1537 122 1578 an
134 1527 162 1578 et
185 1535 242 1577 non
265 1521 370 1596 patitur
387 1537 550 1598 erumpere.
581 1518 751 1579 torminibus
769 1529 798 1579 et
813 1537 983 1580 araneorum
997 1521 1141 1581 morsibus

131 1602 250 1662 resistit.
280 1603 389 1661 urinam
404 1603 526 1681 inpellit.
551 1611 650 1663 contra
673 1606 818 1681 serpentis
834 1612 863 1662 et
879 1604 1050 1681 scorpiones
1065 1622 1140 1664 mor·

131 1684 257 1764 bnmque
272 1685 384 1762 regium
399 1702 499 1744 semen
513 1687 575 1746 eins
592 1706 654 1746 cum
671 1686 833 1746 habrotono
850 1688 941 1746 datur.

197 1767 281 1846 (98.)
297 1768 423 1844 Lychnis
440 1787 556 1848 qnoque
567 1769 697 1830 tlammea
710 1770 758 1830 illa
773 1770 913 1830 adversus
929 1772 1074 1847 serpentis
1092 1780 1121 1829 et
1133 1779 1180 1834 171

132 1853 305 1930 scorpiones
318 1860 347 1911 et
364 1852 524 1912 crabrones
537 1853 696 1932 similiaque
711 1853 817 1913 bibitur
830 1872 846 1913 e
858 1855 924 1912 vino
937 1855 1047 1912 semine
1060 1855 1139 1912 trito.

95 1953 123 1995 ao
133 1937 275 1996 silvestris
291 1937 394 1996 eadem
409 1937 559 1997 stomacho
570 1937 687 1998 inutilis.
708 1937 803 1997 alvom
816 1936 920 2013 solvit,
937 1937 973 1997 ad
986 1937 1138 1996 detrahen-

132 2020 195 2080 dam
216 2018 304 2080 bilem
325 2020 527 2080 efficacissima
550 2019 660 2080 duabus
683 2021 842 2097 drachmis,
865 2020 1069 2098 scorpionibus
1084 2029 1140 2080 tam

133 2103 276 2160 contraria
291 2111 322 2160 ut
338 2103 451 2160 omnino
468 2104 531 2161 visa
548 2121 582 2162 ea
605 2113 782 2181 torpescant.
811 2104 937 2164 radicem
960 2106 1023 2164 eius
1039 2104 1140 2162 Asiani

131 2182 244 2244 boliten
263 2193 383 2258 vocant,
402 2201 458 2262 qua
474 2184 630 2261 adalligata
643 2186 729 2245 oculo
745 2187 897 2262 albugines
911 2187 974 2246 tolli
997 2188 1138 2249 dicuntur.
1157 2231 1158 2234 ¹

76 2324 81 2330 .
144 2272 147 2276 '
196 2268 249 2327 27.
272 2267 355 2346 (99.)
377 2265 415 2326 Et
425 2269 612 2345 vicapervica
624 2269 687 2327 sive
700 2269 933 2347 chamaedaphne
945 2269 1024 2328 arida
1036 2277 1119 2328 tunsa
1131 2278 1181 2331 tlt

95 2366 123 2407 as
132 2349 302 2429 hydropicis
315 2350 397 2410 datur
412 2351 440 2409 in
452 2367 526 2430 aqua
543 2351 670 2411 cocleari
684 2368 834 2428 mensura,
848 2351 1060 2428 celerrimeque
1074 2352 1138 2411 red·

131 2433 201 2492 dunt
228 2451 340 2512 aquarn.
373 2433 475 2494 eadem
496 2434 618 2495 decocta
640 2435 669 2492 in
694 2435 793 2495 cinere
810 2452 912 2512 sparsa
927 2435 995 2493 vino
1010 2442 1139 2494 tumores

132 2518 232 2576 siccat.
251 2512 366 2576 auribus
379 2534 450 2577 suco
462 2518 604 2577 medetur.
621 2517 723 2578 alvinis
738 2519 862 2596 inposita
876 2517 1038 2597 plurumum
1050 2518 1138 2596 prod·

132 2615 201 2657 esse
223 2599 336 2658 dicitur.
856 2618 862 2630 ’

194 2682 299 2761 (100.)
323 2681 412 2744 Rosci
432 2683 516 2743 radix
536 2684 659 2743 decocta
680 2681 786 2743 bibitur
813 2683 932 2743 alternis
954 2683 1057 2744 diebus
1085 2686 1114 2743 in
1129 2691 1180 2747 17³

96 2764 482 2828 tocalculorum'valitndine
502 2776 530 2826 et
547 2768 724 2828 tortuosiore
745 2768 825 2827 urina
846 2767 895 2827 vel
914 2777 1042 2828 cruenta.
1062 2768 1137 2827 radi·

131 2866 194 2908 cem
210 2849 303 2927 pridie
320 2852 381 2910 erui
396 2859 529 2929 oportet,
552 2859 673 2930 postero
689 2868 772 2910 mans
789 2851 933 2930 decoqui,
958 2869 996 2911 ex
1015 2868 1051 2910 co
1070 2869 1136 2910 sex·

129 2933 231 2992 tarium
242 2934 300 2992 vini
315 2935 424 3009 cyathis
438 2933 549 2995 duobus
563 2935 689 2994 misceri.
706 2943 770 2994 sunt
782 2934 830 3011 qui
842 2943 871 2993 et
883 2935 999 2995 crudam
1010 2934 1137 2994 radicem

129 3018 224 3076 tritam
246 3035 283 3076 ex
307 3035 381 3096 aqua
404 3018 519 3092 bibant,
545 3027 574 3077 et
595 3019 623 3077 in
639 3027 729 3078 totum
748 3017 783 3077 ad
801 3018 894 3078 virilia
911 3017 1059 3078 cauliculis
1074 3018 1136 3077 eius

132 3118 168 3159 ex
182 3109 267 3160 aceto
282 3102 356 3161 tritis
372 3103 442 3163 nibil
458 3101 555 3162 utilius
571 3110 680 3179 putant.

96 3197 121 3239 ss
193 3184 297 3263 (tot.)
320 3183 397 3244 Batis
413 3202 529 3264 qnoque
552 3184 648 3244 alvom
668 3183 769 3244 mollit.
800 3184 925 3245 inlinitur
948 3184 1115 3262 podagricis
1127 3189 1180 3248 1⁷4

131 3267 218 3327 cruda
242 3276 271 3327 et
293 3276 440 3333 contunsa.
465 3269 578 3327 Acinon
601 3276 630 3326 et
652 3284 821 3328 coronarum
838 3285 925 3328 cansa
951 3277 980 3327 et
1007 3268 1135 3327 ciborum

131 3347 270 3429 Aegyptii
285 3359 394 3427 serunt,
409 3351 568 3429 eademqne
581 3360 645 3411 erat
656 3351 870 3428 quaeocimnm,
884 3351 1135 3410 nisihirsutiorra·

130 3432 226 3507 misac
236 3434 315 3495 foliis
324 3443 402 3496 esset
413 3444 441 3494 et
451 3434 602 3496 admodum
612 3434 742 3496 odorata.
760 3434 816 3493 ciet
828 3443 980 3496 etmenses
992 3433 1140 3494 etnrinas.
