2422 3840
332 199 414 246 uun.
432 196 524 245 msc.
541 197 611 244 xm.
631 191 675 246 36.
699 185 781 251 (65-
792 179 853 266 66.)
1020 183 1060 246 31

57 357 287 435 obsequiumque
300 370 357 431 quo
365 353 456 413 libeat
468 351 546 412 ilecti
555 350 709 412 calefacto.
721 352 908 413 Differentiae
916 350 1024 411 iaciunt
1032 359 1062 410 ct

55 442 126 503 folia
142 457 200 498 uon
214 437 305 498 modo
317 436 506 512 multitudine,
522 453 622 495 verum
638 444 667 496 et
682 437 792 497 colore.
815 437 894 496 varia
908 433 1061 494 Laconicis

57 535 87 586 et
108 523 143 584 ab
164 524 219 582 ima
231 529 313 600 parte
335 520 487 593 densiora,
505 519 599 597 qualis
615 521 643 578 in
662 529 751 579 totum
769 523 847 581 circa
863 527 965 596 stagna
981 519 1061 595 gigni

57 616 158 689 putant
172 605 319 666 dissimilis
337 605 465 679 amnicis,
482 603 637 681 longisque
653 605 754 663 vestiri
777 604 856 663 loliis
872 604 1028 681 spatiosius
1045 621 1062 662 1

30 692 134 754 snodo
151 689 309 750 scandente
328 688 484 766 conplexu.
514 685 568 745 Est
585 694 615 746 et
636 686 755 764 obliqua
770 685 915 761 harundo,
939 704 996 745 non
1012 688 1104 750 inliti

57 775 258 838 excelsitatem
274 789 409 848 nascens,
427 771 480 830 sed
496 771 573 829 iuxta
585 779 692 830 terram
703 770 817 829 fruticis
829 769 915 829 modo
930 789 963 829 se
978 787 1060 848 spar-

56 877 146 939 gens,
173 856 343 917 suavissima
367 857 397 914 in
420 855 573 915 teneritate
598 853 776 913 animalibus.
812 863 973 912 vocatura
998 855 1060 930 qui-

56 943 177 1005 busdam
210 941 316 1018 elegia.
364 939 419 999 Est
446 948 475 998 et
500 940 529 998 in
554 936 636 997 ltalia
663 955 788 998 nascens
814 937 919 997 adarca
945 939 1061 996 nominc

58 1027 193 1106 palustris
210 1042 248 1084 ex
265 1025 392 1099 cortice,
408 1032 517 1083 tantum
533 1021 586 1080 sub
603 1023 668 1100 ipsa
686 1038 784 1098 coma,
802 1021 952 1081 utilissima
968 1020 1060 1080 denti·

22 1112 129 1182 1obus,
152 1109 285 1188 quoniam
307 1110 352 1167 vis
374 1107 476 1168 eadem
498 1113 543 1166 est
558 1123 632 1183 quae
649 1106 752 1184 sinapi.
791 1105 837 1164 De
854 1103 1040 1164 Orchomenii
1054 1112 1104 1168 168

57 1196 138 1256 11111
162 1191 358 1252 harundinetis
386 1192 548 1250 accuratius
573 1189 630 1249 dici
657 1191 737 1267 cogit
759 1189 909 1250 admiratio
933 1189 1059 1267 antiqua.

58 1277 210 1338 characian
230 1275 374 1336 vocabant
399 1276 574 1334 crassiorem
598 1273 828 1352 firmioremque,
855 1271 968 1350 plution
986 1287 1060 1331 vero

57 1361 253 1436 subtiliorem,
276 1359 351 1418 hanc
366 1360 394 1419 in
409 1358 510 1417 insulis
526 1357 699 1417 fluitantibus
714 1366 826 1433 natam,
849 1356 927 1416 illam
942 1358 971 1415 in
987 1355 1061 1433 ripis

59 1443 248 1522 exspatiantis
263 1442 354 1501 lacus.
390 1443 476 1501 tertia
493 1449 538 1500 est
553 1439 682 1500 harundo
697 1441 803 1500 tibialis
821 1439 935 1515 calami,
951 1457 1037 1517 quern
1053 1447 1104 1503 169

24 1554 48 1593 15
58 1528 205 1588 auleticon
220 1525 364 1585 dicebant.
393 1541 470 1584 nono
486 1524 534 1582 hic
553 1540 627 1582 anno
642 1523 826 1583 nascebatur.
854 1540 919 1581 uam
934 1532 963 1582 et
978 1523 1061 1582 lacus

57 1614 235 1671 incrementa
262 1609 318 1669 hoc
342 1609 483 1686 temporis
506 1608 601 1684 spatio
626 1606 777 1682 servabat,
806 1606 1010 1684 prodigiosus,
1038 1607 1062 1665 si

59 1694 173 1772 quando
188 1692 402 1771 amplitudinem
416 1692 532 1752 biennio
545 1691 735 1766 extendisset,
752 1690 831 1768 quod·
841 1699 969 1749 notatum
986 1689 1062 1767 apud

59 1776 250 1838 Chaeroniam
265 1777 390 1836 infausto
406 1775 625 1835 Atheniensium
642 1783 672 1846 et
692 1792 793 1853 saepe.
822 1773 996 1834 luebadia**
1009 1790 1061 1832 vo-

60 1871 139 1921 catur
149 1861 287 1921 induente
296 1858 435 1938 Cephiso.
471 1877 535 1919 cunr
546 1861 633 1936 igitur
646 1876 720 1920 anno
733 1860 891 1937 permansit
903 1859 1061 1932 inundatio,

23 1944 212 2023 aoprohciunt
226 1945 254 2002 in
270 1946 486 2022 aucupatoriam
502 1960 619 2022 quoque
631 1943 855 2022 amplitudinem.
884 1943 1062 2003 vocabantur

60 2028 202 2105 zeugitae.
233 2036 333 2087 contra
347 2028 521 2102 bombyciae
536 2030 674 2087 maturius
691 2029 848 2106 reciproco
863 2027 1003 2104 graciles,
1019 2026 1061 2084 le·

58 2113 195 2170 minarum
209 2110 313 2170 latiore
329 2110 401 2169 folio
418 2118 505 2187 atque
524 2111 708 2184 candidiore,
730 2111 845 2171 modica
860 2111 997 2187 lanugine
1014 2117 1062 2169 aut

60 2194 173 2252 omnino
188 2192 266 2252 nulla
282 2193 442 2271 spadonum
457 2194 572 2251 nomine
588 2193 758 2270 insignibus.
796 2195 869 2253 Hinc
892 2204 974 2254 erant
996 2211 1039 2253 ar·
1054 2200 1104 2256 170

58 2286 200 2336 mamenta
221 2276 256 2336 ad
272 2277 403 2336 inclusos
426 2284 543 2351 cautus,
571 2292 628 2335 non
649 2277 762 2335 silendo
785 2286 815 2335 et
836 2278 951 2354 reliquo
974 2294 1061 2336 curae

22 2385 48 2426 25
58 2360 208 2436 miraculo,
224 2369 254 2420 ut
265 2362 350 2421 venia
363 2362 399 2420 sit
411 2369 534 2437 argento
550 2361 605 2420 iam
618 2361 714 2438 potius
731 2362 803 2419 caui.
828 2360 911 2419 caedi
927 2358 1062 2418 solebant

59 2447 248 2522 tempestivae
265 2445 406 2524 usquead
422 2444 625 2522 Antigenidam
640 2444 797 2519 tibicinem,
815 2461 878 2502 cum
891 2442 984 2502 adhuc
996 2443 1060 2501 sim-

59 2527 128 2606 plici
143 2530 251 2588 musica
268 2539 427 2604 uterentur,
442 2529 494 2588 suh
512 2537 638 2588 arcturo.
671 2528 713 2586 sic
738 2536 928 2606 praeparatae
951 2524 1063 2603 aliquot

57 2619 126 2688 post
143 2619 239 2671 annos'
254 2613 340 2672 utiles
362 2631 429 2672 esse
452 2613 644 2691 incipiebant,
668 2620 735 2671 tunc
752 2611 973 2690 quoquemulta
989 2610 1103 2672 (11-171

58 2692 178 2752 mandae
195 2697 404 2757 exercitatione
427 2705 456 2756 et
478 2715 584 2757 canere
600 2696 688 2756 tibiae
710 2697 793 2774 ipsae
809 2695 971 2770 docendae,
992 2712 1060 2754 con·

22 2776 245 2856 reprimentibus
265 2798 298 2838 se
322 2779 454 2858 lingulis,
472 2780 629 2860 quoderat
651 2781 711 2840 illis
732 2781 910 2840 theatrorum
933 2777 1062 2838 moribus

58 2859 165 2920 utilius.
194 2871 347 2940 postquam
358 2866 485 2925 varietas
502 2866 629 2925 accessit
645 2873 673 2924 et
690 2874 791 2924 cantus
806 2882 923 2943 quoque
938 2862 1061 2937 luxuria,

58 2944 141 3004 caedi
157 2954 223 3005 ante
240 2947 362 3007 solstitia
376 2959 500 3027 coeptae
517 2958 546 3008 et
561 2949 624 3009 lieri
636 2948 721 3008 utiles
732 2949 760 3007 in
773 2951 897 3022 trimatu,
908 2947 1061 3024 apertiori·

57 3027 110 3087 bus
136 3047 232 3090 earum
253 3031 368 3106 lingulis
390 3032 426 3092 ad
448 3032 610 3092 flectendos
632 3049 739 3108 sonos,
766 3051 841 3110 quae
867 3031 933 3090 inde
949 3039 1015 3089 sunt
1033 3039 1062 3089 et

57 3111 154 3172 hodie.
184 3114 307 3173 sedtum
320 3133 356 3174 ex
372 3134 421 3176 sua
435 3134 578 3195 quamque
590 3125 697 3176 tantum
708 3115 866 3176 harundine
880 3132 1043 3192 congruere
1054 3121 1105 3176 lla

21 3213 47 3254 as
57 3214 226 3274 persuasum
250 3208 328 3275 erat,
350 3209 380 3258 et
401 3218 463 3260 eam
484 3218 559 3278 quae
582 3201 709 3260 radicem
732 3200 934 3260 antecesserat
956 3199 1060 3258 laevae

56 3279 146 3341 tibiae
160 3284 328 3361 convenire,
346 3302 419 3362 quae
433 3301 571 3342 cacumen
588 3284 739 3360 dexterae,
752 3286 909 3344 inmensum
925 3290 1060 3361 quantum

58 3365 195 3442 praelatis
214 3385 285 3446 quas
305 3369 370 3446 lpse
388 3365 532 3445 Cephisus
552 3367 701 3427 abluisset.
738 3386 813 3428 nunc
835 3365 987 3427 sacrificae
1003 3362 1059 3421 Tu·

57 3463 172 3508 scorum
188 3467 205 3509 1
221 3450 315 3529 buxo,
338 3451 467 3512 ludicrae
488 3468 560 3510 vero
582 3470 598 3511 e
619 3452 681 3512 loto
699 3451 873 3529 ossibusque
897 3447 1013 3508 asininis
1030 3454 1061 3505 et

714 3749 760 3803 Q
