2422 3840
128 177 187 241 106
335 164 340 171 ’
478 191 509 238 c.
526 191 787 269 ammonentem

123 345 265 406 frumento
281 346 346 424 plus
364 363 430 405 esse
446 345 584 424 ponderis
606 353 636 405 et
655 343 813 404 furfuribus
835 363 949 405 carere.
982 346 1069 405 utitur
1090 363 1128 406 eo

125 437 154 488 et
169 429 268 489 Sicilia
281 438 310 488 et
325 428 444 504 Achaia,
463 429 621 488 montuosis
632 436 754 506 utraque
765 427 905 506 partibus,
921 428 1044 489 Euboea
1056 447 1127 507 quo·

125 530 181 590 que
199 513 276 572 circa
293 509 454 587 Carystum.
482 514 510 570 in
525 521 631 571 tantum
646 511 755 571 lallitur
770 509 931 572 Columella
952 514 1001 590 qui
1023 531 1059 571 ne
1079 514 1128 572 tri·

123 597 237 657 mestris
253 595 366 674 quidem
387 597 536 674 proprium
556 613 650 672 genus
672 595 878 655 existimaverit
899 614 983 671 esse,
1007 614 1071 656 cum
1092 597 1130 655 sit

124 681 320 758 antiquissimi.
354 678 460 739 Graeci·
474 682 606 740 setanion
620 687 735 738 vocant.
768 678 882 738 tradunt
897 681 925 738 in
938 679 1051 739 Ractris
1062 697 1127 756 gra·
1141 706 1154 746 5

123 781 158 823 na
174 773 270 824 tantae
285 764 485 840 magnitudinis
501 763 564 822 lieri
577 770 608 820 ut
622 762 735 839 singula
751 763 848 840 spicas
862 771 1127 841 nostras-aequent.

80 854 112 910 'll
186 847 269 926 (13.)
299 847 422 906 Primum
444 865 482 906 ex
502 846 632 905 omnibus
662 846 812 905 frumentis
845 848 949 905 seritur
976 846 1128 905 hordeum.

122 930 250 990 dabimus
266 940 295 989 et
311 930 373 990 dies
388 929 514 989 serendo
533 931 636 1007 eoique
653 930 755 1006 generi
769 936 869 989 natura
886 930 1064 1006 singulorum
1077 947 1127 988 ex·

122 1016 226 1092 posita.
253 1013 392 1073 hordeum
406 1012 483 1072 lndis
495 1015 615 1073 sativorn
627 1022 657 1071 ct
671 1013 818 1087 silvestre,
836 1031 874 1072 ex
889 1030 946 1090 quo
956 1014 1038 1091 panis
1051 1013 1128 1091 apud

124 1116 176 1157 eos
192 1099 366 1175 praecipuus
384 1106 414 1156 et
429 1096 513 1156 alica.
544 1095 678 1155 Maxume
694 1095 807 1173 quidam
824 1113 912 1172 oryza
927 1097 1070 1173 gaudent,
1090 1114 1162 1159 exro
1197 1127 1203 1141 ·

123 1199 179 1258 qua
196 1182 316 1240 tisanam
331 1180 486 1240 conficiunt
499 1197 582 1257 quam
594 1179 697 1256 reliqui
709 1180 847 1239 mortales
861 1198 899 1239 ex
910 1180 1031 1239 hordeo.
1060 1197 1126 1253 orp-

127 1281 179 1322 zae
197 1263 267 1323 lolia
286 1280 418 1339 carnosa,
435 1280 524 1341 porro
536 1263 703 1322 similiased
717 1262 831 1339 latiora,
849 1264 968 1324 altitudo
981 1263 1125 1339 cubitalis,
1206 1306 1207 1309 ,

121 1347 176 1408 bos
191 1366 364 1425 purpureus,
382 1347 465 1407 radix
479 1365 631 1424 gemmeae
646 1345 838 1406 rotunditatis.

77 1437 112 1495 ta
182 1432 266 1510 (14.)
288 1431 522 1509 Antiquissimum
542 1432 569 1488 in
594 1430 666 1490 cibis
690 1430 845 1506 hordeum,
870 1431 944 1490 sicut
968 1431 1125 1490 Athenien·

120 1517 192 1574 sium
201 1517 256 1574 ritu
267 1514 426 1575 Menandro
438 1526 559 1575 auctore
574 1514 695 1592 adparet
707 1523 735 1572 et
749 1514 940 1590 gladiatorum
954 1515 1127 1591 cognomine
1138 1541 1163 1583 η

121 1601 168 1683 qui
183 1599 329 1658 hordearii
345 1599 535 1659 vocabantur.
565 1597 712 1676 polentam
733 1614 848 1675 quoque
871 1596 1054 1676 Graecinon
1076 1597 1127 1656 ali·

123 1684 199 1742 unde
216 1682 394 1760 praelemnt.
425 1682 555 1760 pluribus
574 1681 606 1740 lit
626 1681 700 1741 haee
720 1680 823 1740 modis.
841 1679 962 1751 Graeci
976 1680 1128 1759 :perfusum

121 1784 196 1843 aqua
211 1765 351 1825 hordeum
366 1767 477 1824 siccant
494 1773 580 1824 noete
594 1783 649 1824 una
663 1782 697 1823 ac
716 1773 835 1842 postero
848 1763 895 1823 die
910 1764 1036 1841 frigunt,
1060 1763 1127 1822 dein

78 1855 112 1910 ta
120 1849 206 1924 molis
221 1850 364 1924 frangunt.
392 1857 458 1906 sunt
480 1849 527 1926 qui
548 1847 748 1907 vehementius
770 1855 877 1907 tostum
899 1866 998 1907 rursus
1022 1848 1127 1922 exigua

120 1950 194 2009 aqua
210 1931 387 2009 adspergant
403 1939 432 1989 et
446 1932 558 1990 siccent
574 1932 652 2009 prius
670 1948 754 2009 quarn
771 1930 888 1990 molant.
926 1931 975 1991 alii
997 1947 1069 1989 vcro
1084 1930 1125 1988 vi·
1135 1955 1161 1996 20

119 2014 248 2073 rentibus
265 2014 354 2091 spicis
371 2013 526 2073 decussum
543 2013 683 2074 hordeum
699 2031 805 2073 recens
828 2023 951 2091 purgant
971 2013 1125 2074 madidum·

120 2115 176 2175 que
191 2098 219 2155 in
233 2097 296 2175 pila·
308 2097 427 2156 tundunt
442 2106 528 2176 atque
544 2100 572 2157 in
589 2097 726 2158 corbibus
742 2098 840 2156 eluunt
856 2115 891 2156 ac
905 2099 1045 2157 siccatum
1060 2096 1124 2154 sole

119 2199 219 2240 rursus
231 2181 351 2240 tundunt
363 2191 393 2240 et
403 2191 555 2259 purgatum
566 2181 685 2241 molunt.
717 2198 899 2258 quocumque
907 2190 1003 2240 autem
1012 2196 1124 2258 genere

118 2274 293 2343 praeparato
310 2267 420 2325 vicenis
436 2265 539 2326 hordei
554 2265 635 2325 libris
650 2273 748 2324 ternas
765 2265 883 2324 seminis
898 2265 946 2324 lioi
962 2273 992 2324 et
1013 2263 1123 2322 oorian·

119 2347 162 2408 dri
174 2349 309 2408 selibram
321 2348 449 2426 salisque
465 2348 645 2408 acetabulum
664 2356 809 2407 torrentes
821 2357 887 2406 ante
900 2348 992 2407 omnia
1002 2347 1162 2409 miscentes

76 2434 146 2493 ltin
162 2432 247 2491 mola.
281 2434 329 2510 qui
344 2432 449 2491 diutius
464 2432 566 2492 volunt
583 2449 704 2492 servare
721 2450 784 2490 eum
800 2431 909 2507 polline
921 2450 956 2491 ac
966 2427 1124 2490 furfuribus

117 2515 176 2573 suis
193 2515 319 2581 condunt
334 2517 417 2574 novis
432 2514 578 2575 fictilibus.
610 2514 692 2574 ltalia
708 2515 769 2574 sine
786 2514 955 2592 perfusione
976 2521 1082 2572 tostum
1097 2513 1126 2571 in

118 2595 252 2656 subtilem
269 2597 390 2658 larinam
405 2599 495 2672 molit,
509 2600 610 2659 iisdem
627 2599 730 2658 additis
746 2607 832 2676 atque
848 2599 933 2658 etiam
951 2596 1040 2655 milio.
1074 2613 1125 2673 pa-

117 2697 183 2738 nem
200 2698 237 2738 ex
253 2679 366 2738 hordeo
379 2684 502 2758 antiquis
516 2684 648 2742 usitatum
662 2681 720 2741 vita
731 2681 885 2758 damnavit,
903 2679 1125 2760 quadripedum·

119 2780 176 2841 que
191 2763 255 2822 lere
271 2762 352 2821 cibus
369 2773 429 2839 est,
453 2765 538 2843 (15.)
555 2783 619 2824 oum
638 2767 748 2823 tisanae
763 2765 829 2824 inde
846 2781 915 2825 usus
930 2763 1160 2829 validissimusao

75 2853 108 2909 75
119 2846 383 2923 saluberrimusque
395 2855 473 2905 tanto
486 2863 578 2924 opere
592 2847 740 2924 probetur.
757 2846 1061 2908 Unumlaudibuseius
1073 2862 1125 2903 vo·

118 2930 213 2989 lumen
237 2930 344 2989 dicavit
357 2928 552 3007 Hippocrates
579 2948 595 2989 e
617 2929 785 2990 clarissimis
806 2931 967 2991 medicinae
992 2930 1124 2989 scientia.

117 3011 240 3072 'l'isanae
254 3012 367 3071 bonitas
378 3013 535 3091 praecipua
547 3012 686 3073 Uticensi.
715 3015 743 3073 in
755 3014 891 3094 Aegypto
906 3031 978 3074 vcro
991 3022 1036 3072 est
1049 3030 1126 3090 quae

118 3094 167 3154 liat
182 3113 219 3153 ex
234 3095 358 3171 hordeo,
376 3096 422 3154 cui
438 3106 501 3155 sunt
516 3097 574 3156 bini
588 3098 693 3175 anguli.
725 3101 752 3157 ln
768 3098 885 3159 Raetica
905 3107 935 3158 et
950 3096 1051 3156 Africa
1072 3114 1125 3172 ge·

117 3196 169 3237 nus
192 3195 229 3237 ex
251 3196 308 3256 quo
330 3179 379 3238 liat
404 3179 521 3256 hordei,
542 3181 675 3258 glabrum
695 3182 824 3261 appellat
847 3181 1012 3243 Turranius.
1047 3180 1162 3249 idem&

119 3263 230 3337 olyram
245 3271 274 3321 et
285 3278 406 3337 ,oryzam
421 3263 542 3323 eandem
560 3284 628 3325 esse
643 3267 796 3326 existimat.
821 3264 954 3325 -Tisanae
967 3263 1123 3323 conficien·

117 3345 172 3406 dae
187 3347 305 3424 volgata
322 3346 396 3405 ratio
413 3355 466 3406 est.

70 3434 108 3487 75
174 3431 260 3508 (to.)
284 3431 376 3491 Simili
391 3433 477 3492 modo
494 3449 510 3490 e
526 3431 613 3490 tritici
628 3433 738 3492 semine
754 3441 866 3509 tragum
888 3431 934 3507 lit,
954 3431 983 3488 in
999 3426 1123 3508 Campa-
