2422 3840
280 203 362 252 mar.
384 202 475 250 urso.
496 203 556 254 nx.
580 198 666 254 62-7.
691 187 839 275 (ao-26.)
1002 192 1060 252 197

56 361 142 440 ignis.
160 357 332 436 suggillata
347 365 394 418 aut
416 357 533 418 liventia
549 357 584 418 ad
603 357 733 418 colorem
754 359 867 419 reducit
882 358 1060 420 combustum

58 464 96 506 ex
111 442 209 503 melle.
248 441 368 501 credunt
389 450 418 500 et
435 441 606 502 comitialem
622 441 751 502 morbum
767 443 878 520 sanari,
898 444 922 502 si
942 445 1004 521 quis
1021 459 1057 502 eo
1069 453 1103 508 56

58 531 86 588 in
100 527 173 587 cibis
191 534 285 587 utatur
299 543 334 586 ac
351 526 487 603 potione,
509 533 661 603 quartanas
677 543 794 605 quoque
811 535 948 587 excutere
965 535 1061 605 potum

58 620 145 691 caput
160 627 245 671 unum
265 627 329 670 cum
348 606 485 687 laserpici
504 608 594 669 obolo
615 611 643 668 in
659 611 726 669 vino
744 618 872 670 austero.
912 611 1011 671 tussim
1033 619 1062 670 et

31 696 115 757 calio
140 694 227 755 modo
259 710 293 753 ac
320 700 471 770 pectorum
503 693 726 771 suppurationes
756 692 952 771 quantaslibet
980 703 1062 753 sanat

56 781 166 839 fractae
181 780 327 837 incoctum
342 774 428 835 labae
445 783 532 852 atque
546 777 584 836 ita
599 776 627 834 in
644 776 709 836 cibo
726 784 868 856 sumptum
881 774 974 837 donec
987 778 1060 836 sani·

58 871 144 923 tatem
162 863 303 922 restituat.
335 857 405 919 lacit
423 868 450 919 et
468 875 585 919 somnos
602 868 688 938 atque
706 863 734 919 in
755 869 844 921 totum
859 858 1076 929 rubicundiora,

58 963 194 1024 corpora.
228 961 368 1003 venerem
381 960 497 1020 quoque
512 943 637 1004 stimulat
656 961 720 1004 cnm
739 944 891 1007 coriandro
910 944 993 1004 viridi
1009 947 1056 1004 tri·
1069 951 1103 1006 57

58 1040 116 1090 tum
130 1037 289 1108 potumque
306 1045 322 1086 e
337 1043 428 1086 mero.
462 1028 531 1086 vitia
553 1029 614 1087 eius
631 1037 696 1087 suot
712 1026 789 1111 quod
811 1028 914 1089 oculos
931 1027 1061 1104 hebetat,

20 1126 47 1166 10
58 1113 218 1174 inllationes
234 1111 320 1188 lacit,
343 1108 520 1170 stomachum
539 1111 628 1171 laedit
643 1114 792 1190 copiosius
810 1121 970 1191 sumptum,
986 1113 1061 1171 sitim

56 1198 157 1276 gignit.
186 1204 288 1255 cetero
307 1202 407 1254 contra
423 1195 550 1272 pituitam
569 1203 598 1253 et
612 1195 728 1272 gallinis
744 1204 773 1255 et
786 1195 957 1272 gallinaceis
976 1195 1060 1275 prod-

58 1289 103 1341 est
127 1282 245 1339 mixtum
271 1278 350 1338 farre
382 1279 411 1336 in
434 1275 508 1337 cibo.
546 1279 670 1345 iumenta
695 1280 805 1339 urinam
829 1278 954 1339 reddere
976 1289 1061 1357 atque

56 1383 115 1424 non
130 1363 260 1440 torqueri
277 1360 409 1435 tradunt,
426 1362 450 1419 si
465 1363 531 1420 trito
547 1369 647 1422 natura
662 1371 804 1439 tangatur.

122 1449 151 1518 7.
180 1445 263 1524 (24.)
285 1443 430 1503 lactucae
454 1452 559 1521 sponte
584 1447 729 1505 nascentis
756 1445 875 1523 primum
901 1464 992 1522 genus
1016 1456 1060 1505 est
1071 1457 1104 1509 58

21 1543 47 1584 1⁵
59 1533 121 1594 eius
137 1547 220 1607 quam
235 1530 382 1605 caprinam
397 1537 517 1604 vocant,
539 1545 595 1606 qua
610 1529 709 1607 pisces
726 1528 754 1587 in
770 1545 850 1588 mare
866 1527 979 1588 deiecta
995 1546 1061 1608 pro-

57 1618 132 1676 tinus
150 1619 289 1672 necantur
303 1611 352 1688 qui
370 1620 435 1670 sunt
449 1613 476 1671 in
492 1626 644 1689 proxumo.
668 1611 751 1672 huius
768 1611 814 1671 lac
830 1612 983 1690 spissatum
994 1630 1062 1672 mox

57 1704 86 1762 in
109 1706 193 1760 aceto
210 1693 342 1774 pondere
359 1693 511 1755 obolorum
534 1695 618 1756 duum
635 1695 750 1758 adiecto
772 1712 864 1773 aquae
884 1711 939 1754 uno
957 1696 1061 1770 cyatho

57 1781 225 1860 hydropicis
249 1777 339 1838 datur.
376 1777 461 1839 caule
482 1787 512 1839 et
531 1778 609 1841 loliis
633 1779 800 1856 contunsis,
823 1779 965 1858 adsperso
987 1779 1060 1857 sale,

58 1868 140 1928 uerri
158 1865 241 1926 incisi
259 1869 401 1923 sanantur.
436 1861 537 1924 eadem
555 1866 620 1925 trita
637 1883 674 1926 ex
690 1872 774 1925 aceto
787 1863 901 1924 conluta
917 1864 1060 1924 matutinis

20 1971 47 2013 eo
57 1954 102 2014 bis
117 1967 218 2011 mense
234 1946 359 2007 dentium
375 1946 505 2007 dolorem
519 1947 685 2026 prohibent.

122 2033 207 2114 (25.)
229 2030 360 2090 Alterum
379 2039 423 2089 est
443 2049 535 2106 genus
556 2032 634 2110 quod
651 2031 755 2092 Graeci
777 2049 924 2110 caesapon
941 2040 1055 2091 vocant.
1069 2039 1103 2093 59

57 2119 140 2179 huius
162 2115 233 2176 lolia
257 2114 324 2173 trita
344 2121 373 2171 et
397 2130 459 2172 cum
480 2112 598 2191 polenta
623 2114 702 2174 inlita
728 2115 875 2175 ulceribus
900 2113 1058 2173 medentur.

57 2203 132 2262 haec
146 2201 174 2258 in
189 2198 266 2258 arvis
281 2203 445 2255 nascuntur.
469 2197 583 2256 tertium
598 2214 690 2273 genus
705 2197 734 2255 in
749 2197 830 2257 silvis
842 2192 966 2257 nascens
978 2197 1061 2255 isatin

58 2290 173 2344 vocant.
209 2280 293 2340 huius
317 2277 388 2338 lolia
414 2280 479 2338 trita
507 2295 571 2338 cum
593 2279 711 2358 polenta
737 2279 904 2339 volueribus
931 2288 1059 2356 prosunt.

20 2391 47 2431 os
60 2376 162 2446 quarto
184 2364 344 2424 infectores
367 2361 494 2423 lanarum
516 2371 639 2423 utuntur.
670 2363 771 2423 similis
793 2371 855 2423 erat
876 2360 992 2440 lapatho
1014 2361 1060 2420 sil-

58 2453 148 2512 vestri
164 2448 261 2524 loliis,
277 2447 331 2506 nisi
346 2446 429 2525 plura
448 2445 570 2507 haberet
586 2456 615 2506 et
630 2448 767 2524 nigriora.
794 2446 962 2522 sanguinem
978 2445 1061 2521 sistit,

58 2534 265 2615 phagedaenas
281 2539 310 2590 et
326 2531 523 2608 putrescentia
538 2532 640 2590 ulcera
654 2548 728 2608 quae
746 2538 866 2608 serpunt
882 2537 976 2605 sanat,
993 2529 1061 2588 item

58 2628 187 2678 tumores
201 2623 265 2675 ante
282 2615 527 2691 suppurationem.
552 2622 651 2674 contra
668 2616 764 2690 ignem
779 2631 890 2673 sacrum
903 2611 1001 2672 radice
1012 2612 1060 2672 vel

58 2700 139 2762 foliis
158 2698 278 2778 prodest
296 2697 345 2756 vel
360 2695 396 2756 ad
414 2696 506 2757 lienes
520 2707 598 2775 pota,
629 2696 703 2757 haec
717 2698 835 2776 propria
853 2696 983 2774 singulis.

21 2803 49 2845 ao
123 2783 208 2862 (26.)
234 2778 400 2840 Communia
413 2789 505 2840 autem
520 2790 624 2859 sponte
636 2781 820 2842 nascentibus
834 2775 953 2858 candor,
969 2781 1058 2840 caulis
1070 2790 1104 2845 60

59 2866 202 2928 interdum
219 2863 335 2924 cubitali
351 2864 540 2942 longitudine,
557 2874 586 2924 et
601 2864 701 2940 thyrso
719 2874 747 2925 et
762 2865 840 2926 loliis
855 2864 999 2925 scabritia.
1025 2882 1062 2923 ex

59 2952 104 3012 his
126 2949 248 3010 rotunda
267 2947 338 3007 lolia
363 2956 391 3007 et
411 2947 511 3008 brevia
531 2948 684 3008 habentem
703 2959 767 3009 sunt
781 2951 828 3028 qui
843 2948 993 3009 hieracion
1010 2963 1060 3006 vo·

61 3043 144 3115 cent,
175 3032 308 3111 quoniam
335 3033 492 3111 accipitres
523 3030 682 3110 scalpendo
708 3051 771 3092 eam
798 3050 929 3111 sucoque
958 3031 1062 3092 oculos

60 3117 217 3194 tinguendo
246 3115 468 3190 obscuritatem,
503 3133 566 3175 cum
597 3133 735 3192 sensere,
762 3110 931 3179 discutiant.¹
972 3133 1057 3175 sucus
1070 3123 1102 3177 61

21 3223 49 3265 ac
61 3200 191 3263 omnibus
207 3199 361 3276 candidus,
383 3197 491 3259 viribus
507 3215 623 3277 qnoque
639 3203 777 3278 papaveri
794 3199 911 3276 similis,
936 3201 1062 3278 carpitur

60 3303 114 3362 per
129 3287 233 3345 messis
248 3284 341 3344 inciso
358 3282 458 3358 caule,
475 3283 606 3342 conditur
621 3283 700 3342 fictili
713 3302 807 3360 novo,
823 3283 859 3344 ad
876 3282 962 3343 multa
978 3299 1059 3360 prae·

62 3368 167 3428 clarus.
211 3376 293 3428 sanat
322 3367 416 3427 omnia
442 3365 592 3426 oculorum
619 3367 687 3426 vitia
712 3385 775 3428 cum
801 3367 877 3427 lacte
901 3365 1060 3441 mulierum,

61 3468 188 3528 argema,
204 3451 363 3526 nubiculae,
380 3451 531 3510 cicatrices
545 3449 771 3531 adustionesque
786 3448 1083 3522 omnis,qnaee3quxe
