2422 3840
288 189 368 235 nnr,
391 188 481 236 insu.
502 189 587 239 xvn.
612 175 904 260 12-14.(19—24.)
970 164 973 168 ’
1052 180 1090 241 03

95 344 176 404 cibus
190 344 265 402 iuter
281 359 366 419 poma
380 343 445 420 ipsa
460 350 489 402 et
506 338 654 402 oecurhina
670 377 711 389 —-
724 345 754 408 in
764 363 872 404 summa
886 345 991 403 etenim
1006 363 1089 403 cacu-

94 428 167 486 mine
183 425 241 485 hoc
263 426 349 485 modo
367 435 501 504 petuntur
523 461 564 471 -
587 426 687 486 audaci
707 428 821 504 ingenio
848 427 981 487 arborem
1007 428 1091 487 aliam

93 511 182 586 longe
200 526 217 567 a
232 508 337 567 tellure
351 509 493 584 faciendi,
517 510 621 569 eodem
637 528 694 588 quo
709 529 796 589 supra
812 509 911 571 bienni
926 513 1021 590 spatio
1040 511 1088 570 ab·

94 594 171 652 scisa
186 593 347 671 propagine
364 601 393 651 et
415 610 478 652 cum
495 593 626 671 quasillis
650 603 722 653 sata.
754 595 860 654 Sabina
876 593 966 654 herba
982 613 1087 673 propa·

71 677 161 752 igine
177 676 283 735 seritur
298 685 326 734 et
342 676 503 735 avolsione.
532 677 646 736 tradunt
660 677 745 737 faece
762 679 820 736 vini
834 684 912 735 aute
933 679 1090 756 parietibus

94 760 186 819 latere
208 768 292 818 tunso
310 760 381 818 mire
405 759 453 821 ali.
484 759 587 819 iisdem
611 761 703 819 modis
730 761 917 819 rosmarinum
942 763 1046 819 seritur
1061 771 1090 820 et

92 859 189 918 ramo,
214 843 347 921 quoniam
370 842 463 902 neutri
484 861 598 921 semen,
622 842 854 903 rhododendrum
878 846 1039 920 propagine
1061 853 1090 902 et

93 943 213 984 semine.

158 1009 206 1068 14.
231 1008 314 1086 (22.)
337 1009 452 1068 Semine
468 1027 584 1088 quoque
600 1012 730 1068 inserere
751 1018 851 1070 natura
872 1010 971 1070 docuit
984 1010 1087 1087 raptim
1098 1019 1134 1072 99

58 1094 186 1155 suavium
209 1092 285 1151 fame
300 1092 441 1152 devorato
457 1093 611 1172 solidoque
637 1101 666 1152 et
687 1092 743 1151 alvi
765 1101 869 1170 tepore
891 1093 1004 1154 madido
1027 1111 1089 1151 oum
1114 1112 1138 1155 ο

91 1175 216 1236 fecundo
232 1176 287 1234 limi
303 1176 491 1237 medicamine
507 1176 622 1236 abiecto
636 1178 664 1236 iu
678 1176 814 1235 mollibus
830 1177 963 1236 arborum
976 1177 1089 1236 lecticis

91 1269 120 1320 et
135 1261 229 1319 ventis
244 1277 335 1338 saepe
350 1261 490 1320 translato
507 1263 535 1319 in
546 1261 657 1337 aliquas
670 1261 808 1320 corticum
820 1261 917 1335 rimas,
932 1260 1007 1320 unde
1019 1260 1089 1319 vidi·

90 1363 153 1404 mus
167 1361 299 1403 cerasum
314 1345 342 1402 in
358 1344 466 1419 salice,
491 1343 635 1422 platanum
649 1345 678 1402 in
692 1344 790 1417 lauru,
813 1343 923 1403 laurum
938 1345 966 1402 in
983 1359 1087 1402 ceraso

92 1437 121 1486 et
136 1426 227 1486 bacas
242 1427 326 1485 simul
341 1427 516 1487 discolores.
549 1426 662 1485 tradunt
677 1435 706 1484 et
720 1426 903 1486 monedulam
918 1427 1089 1486 condentem

58 1533 81 1572 m
92 1512 200 1569 semina
215 1512 243 1569 in
255 1509 409 1568 thesauros
421 1526 609 1567 cavernarum
621 1509 749 1568 eiusdem
761 1509 805 1567 rei
818 1509 961 1587 praebere
976 1527 1089 1568 causas.

156 1591 241 1669 (23.)
258 1591 402 1651 Hincnata
414 1591 571 1652 inoculatio
584 1592 712 1653 sutoriae
724 1590 811 1652 simili
822 1591 915 1651 fistula
924 1592 1072 1669 aperiendi
1082 1604 1133 1657 100

91 1677 119 1734 in
136 1674 241 1734 arbore
258 1675 373 1735 oculum
389 1676 499 1734 cortice
515 1677 617 1734 exciso
635 1692 793 1753 semenque
807 1675 972 1735 includendi
988 1676 1090 1734 eadem

91 1759 185 1818 listula
199 1758 339 1817 sublatum
355 1777 392 1817 ex
407 1758 473 1817 alia.
502 1759 530 1816 in
546 1759 608 1818 licis
623 1768 718 1818 antem
732 1767 761 1817 et
776 1759 857 1818 malis
872 1758 947 1818 haec
960 1759 1013 1818 fuit
1028 1761 1089 1818 ino·

91 1841 197 1902 culatio
212 1843 336 1920 antiqua.
381 1841 549 1919 Vergiliana
569 1844 681 1919 quaerit
704 1843 794 1902 sinum
813 1845 842 1901 in
858 1843 936 1904 nodo
958 1861 1089 1920 gemmae

53 1945 80 1986 ao
90 1926 206 2005 expulsi
221 1927 338 1985 corticis
353 1942 553 2005 gemmamque
570 1927 677 1986 exalia
694 1927 799 1986 arbore
815 1926 942 1986 includit.
977 1935 1007 1986 et
1021 1927 1088 1985 hac·

89 2019 172 2069 tenus
197 2017 297 2069 natura
319 2010 383 2088 ipsa
409 2009 517 2070 docuit.
561 2011 644 2088 (24.)
674 2012 838 2070 insitionem
862 2019 957 2070 autem
992 2028 1088 2086 casus,

89 2093 229 2169 magister
243 2092 316 2152 alius
332 2102 361 2151 et
376 2111 470 2169 paene
487 2095 678 2168 numerosior,
698 2094 733 2153 ad
749 2094 824 2152 huuc
838 2093 967 2152 modum:
992 2096 1130 2170 agri-101

90 2177 156 2236 cola
176 2174 294 2236 sedulus
320 2193 416 2235 casam
440 2177 538 2252 saepis
558 2179 731 2235 munimento
755 2176 891 2252 cingens,
919 2179 1088 2254 quominus

91 2267 294 2337 putrescerent
309 2257 408 2334 sudes,
425 2258 512 2316 limen
524 2258 648 2317 subdidit
663 2275 701 2316 ex
716 2257 835 2317 hedera.
869 2268 897 2318 at
913 2259 982 2318 illae
996 2261 1088 2318 vivaci

53 2359 80 2398 rs
91 2360 188 2401 morsu
204 2341 405 2418 adprehensae
424 2359 503 2400 suam
519 2358 556 2399 ex
570 2341 664 2401 aliena
678 2341 780 2400 iecere
795 2343 882 2401 vitam
898 2342 1087 2419 adparuitque

12 2483 16 2487 .
90 2435 224 2486 truncum·
240 2443 308 2484 esse
329 2443 382 2502 pro
405 2433 493 2485 terra.
524 2425 652 2484 aufertur
669 2442 742 2502 ergo
764 2443 845 2484 serra
868 2425 1029 2502 aequaliter
1042 2443 1089 2483 su-

91 2509 237 2588 perficies,
255 2509 399 2585 levigatur
423 2508 501 2568 ialce
523 2517 650 2569 truncus.
683 2510 756 2568 ratio
777 2518 881 2587 postea
894 2508 1018 2586 duplex,
1040 2517 1069 2566 et
1081 2518 1130 2570 102

91 2593 182 2670 prima
203 2592 278 2649 inter
299 2594 437 2651 corticem
464 2593 629 2671 lignumque
651 2592 807 2651 inserendi.
836 2592 973 2651 timebant
1000 2593 1087 2669 prisci

89 2685 218 2734 truncum
232 2673 357 2750 lindere,
372 2672 441 2736 mox
455 2676 581 2736 inforare
605 2677 665 2736 ansi
686 2676 781 2735 medio
801 2677 917 2754 ipsique
932 2678 960 2734 in
976 2694 1012 2735 eo
1029 2694 1087 2734 me-

54 2757 187 2818 oodullae
205 2756 344 2817 calamum
362 2759 568 2837 inprimebam,
596 2777 680 2819 unum
695 2760 875 2834 inserentes,
903 2761 1088 2838 nequeenim

90 2841 190 2918 plures
212 2840 344 2917 capiebat
371 2843 505 2904 medulla.
539 2842 673 2904 subtilior
695 2851 800 2921 postea
825 2846 898 2902 ratio
925 2844 974 2902 vel
999 2860 1086 2902 senos

89 2925 175 3000 adici,
191 2924 356 2984 mortalitati
372 2942 471 2985 eorum
487 2936 517 2986 et
537 2944 656 2986 numero
673 2945 847 2986 succurrere
865 2944 1014 3004 persuasa,
1034 2944 1088 3005 per

89 3009 183 3068 media
205 3017 308 3066 trunco
331 3007 435 3068 leuiter
456 3010 524 3069 fisso
554 3028 706 3089 cuneoque
731 3011 809 3069 tenui
837 3011 968 3070 fissuram
991 3019 1087 3069 custo·

89 3092 197 3167 diente,
213 3092 307 3151 donec
320 3092 489 3169 cuspidatim
501 3093 616 3154 decisus
630 3094 788 3154 descendat
798 3094 826 3152 iu
837 3096 935 3152 rimam
949 3095 1085 3154 calamus.

54 3174 179 3235 sallulta
208 3175 236 3233 in
262 3173 320 3234 hoc
343 3176 499 3236 servanda:
529 3179 649 3254 primum
674 3179 813 3252 omnium,
839 3195 913 3256 quae
940 3179 1062 3254 patiatur
1079 3188 1129 3240 103

90 3260 194 3318 coitum
221 3257 307 3317 talem
331 3260 419 3318 arbor
440 3269 469 3319 ct
492 3263 571 3319 onius
596 3261 709 3320 arboris
734 3262 814 3321 varie
837 3278 953 3338 quoque
980 3269 1009 3320 ct
1031 3277 1086 3318 non

88 3342 190 3401 iisdem
211 3343 240 3400 iu
267 3343 396 3420 partibus
419 3343 520 3403 subest
541 3343 671 3404 omnibus
693 3362 790 3404 sucus.
832 3344 937 3403 vitibus
965 3344 1087 3419 ficisque

88 3425 182 3485 media
200 3426 324 3485 sicciora
342 3436 371 3486 et
387 3445 403 3486 e
419 3446 527 3488 summa
543 3436 626 3506 parte
642 3436 812 3506 conceptus.
846 3427 914 3486 ideo
929 3425 1012 3484 illinc
1025 3443 1090 3482 sue-
