2422 3840
183 181 223 242 72
482 191 485 194 ’
512 191 542 239 c.
560 191 656 238 annu
673 190 823 239 saeuum

183 349 255 425 situ,
276 348 325 407 vel
346 348 430 406 etianr
453 347 568 406 declivi.
600 353 716 406 recusat
737 345 837 404 eadem
860 345 1004 422 glaream,
1026 346 1184 426 rubricam,

141 443 192 497 148
205 455 227 487 ss
241 441 348 491 cretam
360 448 530 509 omnemque
546 439 643 489 terrae
655 429 869 489 fecunditatem·
886 430 951 488 Seri
963 448 1036 489 nuce
1049 430 1184 508 diximus,

184 518 235 577 sed
257 517 311 573 nisi
327 533 364 574 ex
379 516 518 573 maxumis
534 531 592 573 non
608 514 755 592 provenit,
772 531 828 572 nec
845 513 899 572 nisi
915 514 1007 590 quinis
1025 515 1185 574 acervatim

184 602 264 660 satis.
300 598 441 677 perfringi
462 597 554 657 solum
577 596 664 657 debet
686 614 772 674 supra
794 615 831 656 ex
853 595 1011 656 Novembri
1031 615 1131 657 mense
1155 599 1185 656 in

182 683 382 758 Februarium,
399 700 456 760 quo
472 681 586 741 solutae
601 689 705 760 sponte
721 679 824 739 cadunt
841 698 878 740 ex
893 680 998 740 arbore
1014 690 1100 758 atque
1115 680 1184 741 sub·
1207 715 1211 721 <

182 776 348 828 nascuntur.
379 765 531 825 intervalla
549 766 604 824 sint
621 763 753 843 pedalia,
769 765 896 841 undique
910 764 993 823 sulco
1010 764 1183 824 dodrantali,

183 871 220 911 ex
240 853 297 911 hoc
316 851 470 909 seminario
491 849 700 909 transferuntur
726 848 754 906 iu
785 847 860 907 aliud
881 846 1008 925 bipedali
1028 848 1184 908 intervallo

141 936 267 1014 149plus
291 933 415 992 biennio.
453 933 524 992 Sunt
546 942 574 992 et
596 932 788 1010 propagines,
805 931 875 990 nulli
892 931 1006 1008 quidem
1021 931 1183 991 faciliores.

183 1020 287 1079 nudata
303 1017 382 1076 'enirn
397 1016 494 1075 radice
509 1024 568 1075 tota
590 1017 618 1074 in
640 1014 722 1073 sulco
740 1015 941 1092 prosternitur.
972 1025 1030 1074 tum
1043 1033 1080 1074 ex
1097 1033 1184 1074 cacu-

182 1103 257 1160 mine
274 1118 360 1177 supra
375 1108 481 1158 terram
503 1099 606 1158 relicto
628 1099 789 1157 renascitur
808 1105 837 1157 et
859 1097 915 1157 alia
938 1097 973 1157 ab
988 1098 1098 1158 radice.
1128 1099 1206 1159 sed1

182 1183 318 1244 translata
339 1183 433 1241 nescit
459 1181 600 1260 hospitari
624 1188 768 1260 pavetque
788 1181 944 1240 novitatem
967 1181 1085 1242 biennio
1105 1181 1182 1241 lere.

184 1275 287 1346 postea
319 1265 442 1345 prosilit.
488 1267 555 1325 ideo
585 1265 706 1325 nucibus
732 1266 828 1342 potius
855 1282 938 1342 quarn
966 1265 1184 1326 viveradicibus

140 1364 192 1415 150
204 1351 345 1429 plantaria
368 1349 479 1409 caedua
501 1349 654 1427 inplentur.
690 1346 807 1408 Cultura
831 1349 965 1408 nonalia
989 1366 1072 1426 quarn
1095 1367 1185 1428 supra

181 1435 284 1510 dictis,
306 1433 444 1493 fodiendo
460 1432 709 1512 supputandisque
732 1451 785 1510 per
805 1431 949 1492 biennium
970 1451 1107 1511 sequens.
1147 1434 1185 1493 de

183 1528 283 1578 cetero
305 1518 367 1596 ipsa
391 1535 423 1576 se
446 1518 515 1577 colit
531 1517 630 1577 umbra
652 1517 784 1576 stolones
805 1533 1003 1595 supervacuos
1026 1525 1205 1576 enecante.1

184 1602 313 1662 caeditur
327 1602 400 1659 intra
417 1611 577 1680 septumum
593 1619 704 1660 annum.
735 1600 886 1660 Sufficiunt
902 1600 1072 1677 pedamenta
1088 1601 1185 1677 iugeri

182 1687 292 1745 vicenis
307 1688 454 1744 vinearum
472 1685 631 1761 iugeribus,
644 1684 758 1763 quando
772 1685 856 1742 etiam
865 1683 952 1742 bilida
969 1702 985 1743 e
998 1685 1089 1760 stirpe
1102 1683 1183 1760 liunt,

140 1779 187 1832 151
203 1769 362 1846 durantque
390 1768 464 1826 ultra
486 1768 605 1827 alteram
627 1767 718 1826 silvae
740 1785 810 1826 suae
838 1785 996 1826 caesuram.
1035 1767 1184 1827 Aesculus

182 1852 314 1912 similiter
330 1852 473 1928 provenit,
491 1868 611 1909 caesura
626 1851 749 1910 triennio
764 1851 873 1925 senior,
892 1852 983 1909 minus
999 1868 1116 1910 morosa
1132 1853 1184 1910 na·

155 1937 157 1940 ’
182 1936 242 2009 sci,
267 1935 295 1992 in
318 1951 497 2011 quacumque
519 1943 595 1992 terra
617 1935 722 1992 seritur
742 1952 814 1993 vere
834 1934 956 2010 balano,
981 1933 1031 1994 sed
1055 1951 1112 1994 non
1126 1937 1206 1994 nisio

182 2016 302 2091 aesculi,
321 2016 427 2084 scrobe
443 2017 622 2092 dodrantali,
643 2017 802 2078 intervallis
825 2018 944 2078 duorum
961 2019 1076 2097 pedum.
1110 2021 1183 2078 sari·

182 2110 227 2159 tur
239 2100 344 2159 leviter
360 2109 460 2177 quater
475 2119 558 2161 anno.
588 2100 652 2160 lloo
672 2101 872 2179 pedamentum
894 2103 1016 2162 minume
1040 2104 1184 2180 putrescit

183 2202 358 2261 caesumque
372 2186 504 2244 maxume
519 2184 643 2245 fruticat.
672 2186 792 2245 Praeter
805 2185 879 2244 haec
892 2194 956 2244 sunt
967 2185 1088 2261 caedua,
1106 2204 1182 2264 quae

182 2267 313 2343 diximus,
330 2267 468 2344 fraxinus,
482 2269 589 2343 laurus,
602 2270 729 2350 persica,
743 2269 871 2344 corylus,
886 2269 989 2345 malus,
1004 2269 1055 2328 sed
1071 2269 1183 2328 tardius

181 2361 335 2412 nascuntur
351 2361 515 2430 terramque
531 2352 625 2412 delixa
640 2354 690 2412 vix
704 2353 844 2427 tolerant,
867 2370 924 2411 non
937 2352 1023 2413 modo
1039 2370 1205 2413 umorema

182 2436 305 2495 sabucus
323 2446 421 2495 contra
438 2437 597 2495 firmissima
615 2435 650 2495 ad
663 2436 757 2513 palum
774 2435 859 2495 taleis
874 2437 980 2496 seritur
995 2445 1024 2496 ut
1041 2437 1180 2515 populus.

139 2516 297 2604 „gfflqqnam
314 2519 350 2578 de
367 2536 508 2597 cupresso
523 2521 593 2579 satis
613 2520 744 2579 diximus.

28 2645 31 2652 ·
140 2614 191 2667 lea
235 2602 284 2662 21.
296 2602 475 2682 (35111111
487 2603 644 2680 praedictis
653 2603 733 2662 velut
745 2604 926 2662 armamentis
934 2605 1183 2665 vinearumrestat

181 2687 306 2763 ipsarum
323 2694 423 2744 natura
439 2689 596 2764 praecipua
612 2686 751 2746 tradenda
773 2703 850 2746 cura.
881 2687 988 2747 Vitium
1008 2688 1132 2747 surculis
1152 2699 1181 2748 et

183 2768 358 2845 quarundam
370 2768 517 2844 arborum,
528 2769 631 2846 quibus
643 2770 882 2846 fungosiorintus
894 2780 1004 2846 natura,
1020 2771 1181 2848 geniculati
1202 2803 1211 2827 1

181 2869 334 2930 scaporum
351 2852 418 2910 nodi
434 2853 643 2929 intersaepiunt
658 2852 822 2912 medullam.
845 2852 958 2914 ferulae
970 2857 1052 2933 ipsae
1070 2855 1181 2915 breves

181 2945 211 2995 et
239 2935 403 2994 adsumme
431 2934 585 2993 breviores
607 2936 735 2995 articulis
755 2937 853 3015 utique
878 2939 990 2998 duobus
1018 2939 1181 3000 internodia

139 3028 190 3082 153
201 3019 356 3078 includunt.
383 3018 519 3093 medulla,
536 3018 599 3077 sive
614 3019 664 3079 illa
674 3020 769 3080 vitalis
783 3022 874 3081 anima
887 3031 941 3098 est,
961 3030 1027 3082 ante
1043 3040 1076 3082 se
1088 3022 1182 3082 tendit

181 3101 387 3178 longitudinem
399 3101 544 3179 inpellens
558 3103 689 3180 quamdiu
701 3104 768 3164 nodi
782 3107 882 3183 pervia
892 3114 972 3184 patet
985 3106 1089 3166 listula.
1114 3124 1182 3166 oum

180 3202 252 3244 vero
274 3186 403 3244 concreti
419 3185 555 3244 ademere
569 3187 728 3264 transitum,
744 3206 919 3266 repercussa
932 3191 1055 3268 erumpit
1070 3190 1107 3249 ab
1123 3191 1180 3250 ima
1191 3215 1211 3256 3,

181 3270 224 3328 sui
258 3278 340 3346 parte
368 3269 446 3327 iuxta
475 3271 601 3346 priorem
628 3271 733 3331 nodum
762 3271 880 3331 alternis
908 3274 1027 3332 laterum
1061 3291 1182 3351 semper

139 3352 212 3435 {3322}
223 3353 401 3430 inguinibus,
418 3362 450 3411 ut
470 3352 574 3412 dictum
595 3364 640 3414 est
655 3357 685 3414 in
697 3355 855 3415 harundine
875 3374 911 3415 ac
926 3356 1037 3433 ferula,
1057 3375 1181 3436 quorum

180 3436 329 3497 dexterum
349 3437 385 3496 ab
406 3437 462 3496 imo
482 3437 659 3514 intellegitur
675 3439 811 3514 articulo,
837 3439 951 3499 laevom
971 3442 999 3499 in
1023 3457 1180 3519 proxumo,
