2422 3840
144 170 207 234 290
484 181 792 231 dromonorum

145 335 227 398 mus.
246 336 422 397 medicorum
432 336 544 396 ratione
556 354 572 396 a
584 335 675 395 farina
691 335 793 395 hordei
810 333 897 394 distat
912 353 948 395 eo
960 336 1040 413 quod
1058 345 1158 398 torre-

144 432 204 499 tur,
221 421 259 481 ob
273 421 301 479 id
316 419 465 480 stomacho
481 420 569 481 utilis.
601 420 696 480 alvom
709 420 785 477 sistit
799 418 981 497 impetusque
997 418 1159 483 rubicundi

145 506 279 579 tumoris,
301 512 330 563 et
353 503 447 563 oculis
467 503 594 563 inlinitur
618 511 648 563 et
666 503 768 580 capitis
789 501 884 562 dolori
904 519 968 561 cum
989 512 1091 564 menta
1108 515 1159 566 aut

144 588 200 648 alia
214 587 409 664 refrigerante
423 587 528 662 herba,
547 588 615 646 item
632 584 818 664 pernionibus
840 593 869 645 et
890 587 1073 664 serpentium
1093 587 1157 667 pla·

144 673 205 748 gis,
222 673 290 731 item
307 670 444 731 ambustis
458 689 497 730 ex
510 671 595 746 vino,
612 669 779 749 inhibetque
792 668 918 748 pusulas.
1169 694 1180 734 ⁵

102 761 151 817 rat
228 751 312 838 (60.)
334 750 438 816 Farina
451 755 480 815 in
495 753 632 834 pollinem
648 753 767 815 subacta
782 754 838 812 vim
854 752 1025 814 extrahendi
1042 758 1157 817 umoris

143 837 247 914 habet,
269 838 336 898 ideo
358 847 388 898 et
411 856 516 899 cruore
536 837 664 899 subfusis
685 839 714 897 in
733 836 840 898 fascias
866 855 958 917 nsque
979 843 1157 917 sangninem

144 922 291 1000 perducit,
313 922 463 983 efficacius
485 923 514 981 iu
534 940 615 1000 sapa.
645 921 790 1001 inponitur
811 929 840 980 et
860 921 965 999 pedum
992 925 1074 985 callo
1094 927 1156 988 cla·

142 1007 255 1084 risque.
287 1024 352 1067 nam
369 1025 433 1066 cum
447 1006 515 1066 oleo
529 1015 631 1065 vetere
649 1023 685 1065 ac
705 1007 771 1085 pice
789 1005 914 1066 decocto
941 1007 1055 1085 polline
1083 1028 1155 1071 cou-

143 1090 287 1165 dylomata
303 1099 333 1149 et
346 1089 402 1149 alia
417 1088 511 1148 omnia
529 1088 607 1149 sedis
623 1090 693 1150 vitia
707 1106 792 1167 quam
805 1107 936 1150 maxume
952 1091 1049 1152 calido
1066 1095 1154 1155 mira·
1166 1111 1190 1152 ro

142 1173 229 1232 bilem
243 1174 272 1231 in
284 1172 399 1232 modum
416 1181 558 1232 curantur.
587 1171 668 1250 pulte
689 1190 796 1252 corpus
817 1183 947 1251 augetur.
978 1175 1074 1238 farina
1096 1196 1156 1256 qua

143 1256 259 1316 chartae
275 1255 627 1334 glutinantursanguinem
641 1257 860 1317 exsereantibus
875 1257 958 1317 datur
968 1259 1071 1337 tepida
1088 1279 1154 1321 sor·

143 1339 238 1400 beudn
253 1339 422 1400 efficaciter.
1117 1389 1125 1399 .

100 1432 151 1488 118
224 1423 308 1504 (61.)
331 1423 416 1484 Alica
432 1442 481 1483 res
496 1422 625 1483 Romana
649 1432 738 1483 estet
757 1441 814 1483 non
834 1423 945 1503 pridem
957 1428 1152 1504 excogitata,

142 1507 250 1586 alioqui
268 1524 326 1566 non
347 1508 457 1568 tisanae
480 1508 576 1584 potius
598 1506 699 1568 laudes
719 1507 907 1586 scripsissent
926 1506 1042 1570 Graeci.
1076 1529 1188 1572 non-15

141 1591 206 1650 duro
223 1590 347 1650 arbitror
365 1590 486 1669 Pompei
500 1589 596 1669 hlagui
610 1599 706 1652 aetate
721 1591 749 1658 in
762 1609 815 1650 usu
829 1590 938 1666 fuisse,
961 1601 991 1651 et
1010 1591 1082 1653 ideo
1101 1598 1153 1656 vix

142 1676 294 1751 quicquam
309 1674 346 1735 de
362 1692 397 1734 ea
412 1675 551 1753 scriptum
565 1674 601 1734 ab
616 1674 799 1753 Asclepiadis
817 1673 927 1735 schola.
946 1692 1014 1735 esse
1030 1677 1152 1754 quidem

142 1758 247 1817 eximie
261 1758 358 1818 utilem
375 1774 459 1817 nemo
475 1758 600 1833 dubitat,
616 1760 679 1818 sive
701 1757 779 1818 eluta
799 1757 883 1817 detor
903 1775 941 1816 en
960 1775 1035 1836 aqua
1056 1760 1151 1823 mulsa

100 1851 151 1906 119
161 1843 223 1900 sive
243 1843 271 1900 in
292 1841 469 1901 sorbitiones
484 1841 608 1902 decocta
621 1843 682 1901 sive
700 1843 728 1900 in
752 1841 870 1920 pultem.
902 1841 1005 1902 eadem
1028 1843 1061 1903 iu
1082 1845 1150 1905 alvo

99 1924 268 1985 resistenda
283 1933 424 2000 torretur,
440 1924 506 1984 dein
521 1925 651 1984 favorum
667 1942 735 1984 cera
753 1925 900 2003 coquitur,
917 1933 947 1983 ut
963 1941 1055 2003 snpra
1075 1927 1150 1987 dixi·
1160 1947 1182 1988 m

138 2025 210 2066 mus.
236 2007 423 2084 peculiariter
436 2015 531 2067 tamen
544 2008 633 2084 longo
650 2008 751 2068 morbo
767 2008 803 2068 ad
819 2006 1003 2068 tabitudinem
1016 2009 1150 2071 redactis

140 2089 274 2150 subvenit
294 2091 383 2150 ternis
410 2091 471 2150 eius
495 2091 606 2166 cyathis
626 2093 653 2151 in
678 2093 832 2153 sextarium
854 2108 945 2170 aquae
966 2095 1079 2154 sensim
1099 2095 1150 2155 de·

141 2175 248 2250 coctis,
265 2174 361 2235 donec
377 2175 468 2237 omnis
483 2193 557 2256 aqua
572 2185 769 2251 consumatur,
795 2184 899 2253 postca
914 2177 1044 2236 sextario
1062 2177 1150 2237 lactis

139 2258 220 2318 ovilli
235 2268 282 2319 aut
294 2260 402 2337 caprini
415 2260 510 2320 addito
523 2278 576 2340 per
589 2260 740 2319 continuos
751 2259 824 2334 dies,
837 2274 905 2318 mox
916 2258 1031 2319 adiecto
1047 2261 1150 2320 melle.

88 2367 93 2373 ·
139 2343 189 2402 tali
203 2361 313 2420 genere
330 2341 497 2402 sorbitionis
514 2342 701 2403 emendantur
715 2351 863 2417 syntexes.
1159 2365 1184 2406 25

98 2435 150 2490 130
223 2426 307 2506 (62.)
329 2425 409 2485 Milic
424 2427 533 2486 sistitur
547 2426 647 2502 alvos,
663 2426 849 2486 discutiuntur
861 2425 998 2504 tormina,
1014 2426 1044 2485 in
1060 2444 1152 2505 quem

139 2528 220 2569 usum
242 2518 369 2569 torretur
392 2519 468 2570 ante.
495 2527 649 2569 nervorum
670 2507 819 2570 doloribus
842 2517 871 2568 et
893 2508 956 2569 aliis
977 2508 1103 2572 fervens
1120 2513 1151 2571 iu

139 2609 227 2652 sacco
240 2594 398 2670 inponitur,
412 2611 508 2671 oeque
520 2593 596 2654 aliud
608 2594 719 2668 utilius,
736 2594 868 2670 quoniam
880 2589 1061 2653 levissimum
1075 2595 1149 2655 mol·

139 2675 335 2754 lissimumque
358 2687 454 2737 estet
476 2677 583 2737 caloris
607 2677 837 2755 capacissimum.
871 2677 968 2752 itaque
989 2674 1059 2736 talis
1078 2697 1151 2738 usus

139 2760 202 2818 eius
223 2759 321 2818 estad
343 2762 437 2820 omnic
458 2759 561 2838 quibus
586 2761 666 2821 calor
686 2760 852 2838 profuturus
873 2767 926 2818 est.
962 2758 1057 2820 ferina
1084 2761 1184 2822 eiusao

140 2860 203 2902 cum
223 2843 290 2921 pice
311 2842 419 2920 liquida
436 2845 613 2921 serpentium
635 2853 664 2904 et
685 2843 860 2921 multipedae
875 2842 970 2921 plagis
988 2844 1150 2922 inponitur.

97 2937 147 2990 131
222 2927 305 3005 (63.)
329 2926 463 2985 Panicum
477 2926 599 2987 Diocles
616 2927 744 2987 medicus
762 2927 819 2988 mel
836 2927 949 3004 frugum
970 2927 1150 3005 appellavit.

138 3009 261 3070 effectus
275 3010 363 3070 habet
379 3026 453 3088 quos
470 3010 585 3070 milium.
617 3012 645 3070 in
666 3014 733 3070 vino
754 3020 852 3089 potum
875 3008 996 3089 prodest
1015 3008 1152 3085 dysinte-

138 3094 216 3152 ricis.
249 3094 380 3154 similiter
395 3095 440 3154 his
455 3112 529 3172 quae
550 3095 715 3173 vaporanda
729 3103 794 3154 sunt
814 3093 1007 3154 excalfactum
1030 3093 1154 3174 inponi-

138 3186 192 3237 tur.
207 3177 281 3236 sistit
297 3177 392 3237 alvom
403 3178 431 3236 in
447 3177 523 3238 lacte
540 3180 658 3256 caprino
674 3180 825 3240 decoctum
837 3186 866 3237 et
880 3177 924 3237 bis
936 3176 983 3236 die
999 3176 1148 3240 haustum.
1160 3197 1185 3240 c

137 3262 181 3321 sic
195 3261 316 3338 prodest
330 3271 359 3322 et
374 3263 409 3322 ad
424 3263 555 3322 tormina.

97 3352 147 3406 132
221 3345 304 3423 (64.)
326 3347 436 3405 Sesima
458 3346 523 3405 trita
544 3346 572 3404 in
593 3346 659 3403 vino
684 3354 795 3424 sumpta
824 3343 932 3404 inhibet
956 3345 1149 3409 vomitiones.

129 3429 242 3491 curium
265 3429 480 3492 inflammationi
500 3428 626 3489 inlinitur
646 3436 675 3487 et
699 3427 847 3488 ambustis.
887 3426 988 3487 eadem
1004 3428 1102 3492 eflicit
1121 3441 1152 3494 et
