2422 3840
110 167 171 227 252
457 175 487 223 o.
505 175 601 222 nunu
620 174 770 223 securum

111 334 182 393 suci.
215 351 310 393 amara
326 341 356 391 et
370 332 482 410 aphace
498 340 527 390 et
542 348 616 409 quae
633 330 723 407 picris
738 328 910 404 nominatur,
932 329 1046 407 etipsa
1062 339 1127 390 toto

111 433 185 478 anno
201 417 319 478 boreus.
349 431 455 474 nornen
473 415 500 472 ei
516 414 673 474 amaritudo
689 412 825 491 inposuit.

72 512 119 566 106
182 499 268 578 (66.)
288 499 428 559 Notabilis
449 507 480 559 et
506 497 607 558 scillae
631 498 770 574 crocique
791 505 909 571 natura,
932 496 1036 576 quod,
1062 515 1129 558 curn

111 602 211 644 omnes
237 583 347 643 herbae
372 583 472 642 lolium
490 582 611 661 primurn
628 583 772 655 emittant,
793 596 862 639 mox
887 581 916 639 in
939 581 1058 642 caulem
1079 599 1129 642 ro·

111 667 279 743 tundentur,
304 670 332 726 in
348 667 383 726 iis
399 667 489 727 caulis
514 667 594 744 prior
609 665 787 741 intellegitur
804 681 888 742 quam
903 664 1019 725 folium.
1054 675 1086 726 et
1101 668 1151 730 ins

112 769 201 811 croco
218 752 334 831 quidem
352 751 407 811 llos
423 751 572 829 inpellitur
586 750 686 823 caule,
708 750 735 807 in
750 747 834 808 scilla
849 766 922 809 vero
940 749 1039 809 caulis
1057 752 1131 828 exit,

69 836 251 899 recudeinde
273 854 311 896 ex
333 852 370 895 eo
395 834 449 894 dos
477 835 608 911 emergit.
639 833 798 911 eademque
820 841 865 891 ter
886 832 987 910 horet,
1007 844 1042 894 ut
1056 835 1130 894 dixi·

112 940 190 996 mus,
219 922 273 980 tria
289 929 421 996 tempora
436 921 594 978 arationum
610 917 778 977 ostendens.

71 1014 120 1070 107
184 1004 267 1082 (67.)
290 1003 448 1063 Bulborum
464 1004 566 1079 generi
579 1002 692 1078 qnidam
704 1000 890 1061 adnumerant
903 1010 933 1061 et
948 1002 1059 1082 cupiri,
1072 1002 1131 1064 hoc

113 1097 158 1148 est
171 1087 308 1164 gladioli,
336 1086 472 1146 radicem.
504 1085 597 1147 dulcis
619 1103 654 1145 ea
670 1094 714 1144 est
735 1093 763 1144 et
780 1103 855 1163 quae
873 1085 1001 1145 decocta
1023 1104 1161 1165 panemrr

113 1173 198 1232 etiarn
213 1172 370 1247 gratiorem
385 1169 472 1229 iaciat
487 1169 788 1250 ponderosioremque
803 1169 887 1229 simul
902 1170 1038 1231 subacta.
1063 1169 1132 1232 Non

113 1255 260 1316 dissimilis
277 1262 366 1313 estet
383 1271 458 1332 quae
474 1254 597 1314 thesium
614 1262 755 1328 vocatur,
774 1262 860 1331 gustu
877 1271 996 1333 aspera.

73 1350 122 1404 108
184 1338 268 1417 (68.)
290 1334 417 1398 Ceterae
438 1339 568 1399 eiusdem
589 1337 708 1415 generis
731 1336 803 1397 lolio
830 1337 982 1398 differunt:
1020 1339 1131 1419 aspho-

114 1423 197 1483 delus
219 1422 377 1498 oblongum
400 1433 428 1483 et
448 1431 600 1500 angustum
623 1421 727 1495 habet,
749 1420 831 1481 scilla
859 1421 945 1481 latum
971 1431 1003 1481 et
1022 1432 1131 1485 tracta·

114 1507 186 1583 bile,
212 1507 359 1584 gladiolus
386 1507 477 1566 simile
503 1507 617 1566 nomini.
650 1504 838 1582 Asphodelus
862 1506 1007 1566 manditur
1031 1519 1062 1569 et
1086 1521 1163 1569 seu

115 1594 190 1651 mirre
205 1599 283 1650 tosto
300 1600 330 1650 et
352 1591 458 1665 bulbo,
483 1591 536 1651 sed
561 1590 665 1660 hocin
683 1590 782 1648 cinere
798 1599 891 1666 tosto,
922 1590 989 1650 dein
1012 1593 1080 1653 sale
1107 1603 1136 1653 et

114 1675 182 1735 oleo
199 1675 313 1751 addito,
340 1684 495 1753 praeterea
510 1683 593 1734 tunso
610 1692 673 1733 cum
691 1674 765 1749 licis,
788 1676 946 1752 praecipua
964 1675 1135 1755 voluptate,

114 1768 144 1818 ut
161 1758 275 1818 videtur
299 1756 440 1818 Hesiodo.
473 1758 587 1818 tradunt
610 1767 638 1817 et
659 1766 725 1817 aute
748 1766 848 1835 portas
875 1756 1013 1818 villarum
1039 1770 1135 1821 saturn

74 1852 123 1906 109
131 1842 264 1901 remedio
285 1860 352 1901 esse
376 1850 478 1902 contra
500 1841 705 1901 veneficiorum
721 1841 845 1901 noxiam.
875 1840 1037 1920 asphodeli
1053 1863 1134 1904 men·

115 1927 222 1985 tionem
249 1934 278 1983 et
302 1924 444 1983 Homerus
466 1925 546 1984 lecit.
577 1925 659 1984 radix
682 1924 746 1983 eius
767 1926 850 2004 napis
876 1925 1001 1985 modicis
1028 1929 1164 1988 similistt

117 2017 177 2082 est,
212 2025 307 2084 neque
335 2008 390 2066 alia
419 2009 602 2068 numerosior
629 2022 726 2068 Lxxx
752 2009 835 2068 simul
861 2011 1009 2069 acervatis
1039 2029 1136 2091 saepe

115 2090 237 2151 bulbis·
255 2090 475 2170 Theophrastus
498 2101 526 2152 et
544 2092 607 2152 lere
633 2092 738 2153 Graeci
759 2095 957 2172 princepsque
978 2093 1135 2174 Pythago·

115 2193 163 2235 ras
182 2175 294 2235 caulem
317 2177 380 2236 eius
402 2178 555 2238 cubitalem
573 2187 602 2236 et
627 2195 717 2254 saepe
735 2176 819 2236 duum
844 2177 1025 2256 cubitorum,
1053 2180 1136 2240 loliis

116 2263 196 2339 porri
214 2259 375 2336 silvestris,
402 2261 580 2322 anthericum
600 2278 764 2336 vocavere,
788 2261 915 2321 radicem
930 2279 1018 2339 vero,
1043 2263 1137 2325 idest

116 2344 238 2420 bulbos,
260 2343 461 2423 asphodelum.
496 2347 587 2406 nostri
610 2343 680 2403 illud
696 2344 829 2404 albucum
850 2354 956 2405 vocant
973 2355 1005 2405 et
1022 2348 1166 2427 asphoas

116 2428 213 2490 delum
235 2428 376 2488 hastulam
398 2431 526 2505 regiam,
552 2429 641 2488 caulis
667 2429 792 2506 acinosi,
813 2446 847 2488 ac
870 2429 926 2488 duo
950 2447 1068 2506 genera
1093 2433 1137 2493 fa·

77 2522 126 2576 110
137 2514 224 2572 ciunt.
256 2511 372 2573 Albuco
394 2529 501 2591 scapus
518 2511 666 2590 cubitalis,
688 2512 815 2589 amplae,
844 2531 951 2591 purus,
975 2513 1074 2592 levis,
1100 2517 1137 2576 de

117 2612 175 2674 quo
200 2593 286 2671 Mago
313 2597 457 2675 praecipit
484 2598 562 2657 exitu
587 2598 695 2655 mensis
723 2594 818 2655 Martii
846 2607 875 2656 et
899 2597 980 2657 initio
1007 2597 1137 2678 Aprilis,

118 2696 180 2739 curn
197 2677 343 2755 floruerit,
372 2681 497 2765 quondum
516 2682 625 2741 semine
642 2682 704 2739 eins
727 2680 957 2757 intumescente,
979 2680 1136 2744 demeten-

117 2764 182 2823 dum
197 2761 406 2840 findendosque
432 2781 539 2843 scapos
565 2773 594 2822 et
610 2772 713 2842 quarto
738 2763 784 2823 die
806 2765 834 2822 in
857 2764 950 2825 solem
972 2767 1166 2844 proferena

78 2857 124 2910 111
137 2847 207 2922 dos,
228 2847 267 2906 ita
293 2848 393 2906 siccati
420 2848 582 2925 manipulos
603 2848 763 2908 faciendos.
794 2846 875 2908 ldem
895 2848 1042 2926 pistanam
1064 2851 1137 2912 dicit

118 2949 133 2990 a
151 2929 270 2991 Graecis
284 2932 384 2990 vocari
400 2949 483 3009 quarn
498 2934 574 2991 inter
590 2930 672 2991 ulvas
688 2934 821 3009 sagittam
836 2931 1032 3012 appellamus.
1058 2935 1138 2996 hanc

118 3014 153 3075 ab
168 3014 263 3074 idibus
286 3012 368 3074 Maiis
392 3034 485 3095 usque
505 3017 532 3075 in
550 3015 636 3075 llnem
659 3010 795 3074 Octobris
818 3017 925 3076 mensis
949 3017 1137 3080 decorticari

118 3108 204 3176 atque
230 3096 288 3158 leni
315 3099 379 3159 sole
405 3101 509 3160 siccari
532 3099 627 3175 iubet,
662 3100 737 3160 idem
762 3108 791 3159 et
818 3100 976 3177 gladiolum
1007 3102 1137 3164 alterurn

119 3199 204 3260 quern
226 3183 347 3262 cypiron
367 3194 472 3245 vocant
488 3194 517 3244 et
533 3187 625 3263 ipsum
647 3185 822 3263 palustrem,
848 3184 921 3244 lulio
942 3201 1048 3246 mense
1070 3197 1166 3249 totoa

34 3294 37 3299 ·
119 3268 214 3327 secari
230 3266 311 3327 iubet
330 3269 366 3329 ad
382 3269 511 3330 radicem
527 3271 674 3347 tertioque
693 3268 739 3328 die
760 3269 789 3327 in
803 3269 868 3329 sole
884 3269 1009 3345 siccari,
1036 3271 1138 3334 donec

120 3351 258 3411 candidus
275 3351 333 3428 liat,
347 3353 455 3413 cotidie
472 3363 567 3413 autem
583 3362 648 3413 ante
665 3353 759 3412 solem
775 3352 958 3413 occidentem
975 3353 1004 3411 in
1021 3363 1137 3418 tectum

106 3434 237 3517 referri,
257 3437 394 3520 quoniam
409 3436 587 3521 palustribus
599 3438 726 3498 desectis
741 3437 873 3497 nocturni
888 3453 974 3496 rores
991 3451 1138 3503 noceant.
