2422 3840
351 208 432 254 uxr.
450 207 541 254 uror.
557 209 641 255 xvu.
655 205 741 258 4-5.
757 197 816 274 (a.)
1056 197 1093 256 51

96 363 281 437 Syracusano
297 377 368 437 agro
382 361 493 421 advena
509 361 603 420 cultor
618 361 762 439 elapidato
778 362 843 421 solo
861 361 984 440 perdidit
996 361 1096 438 fruges

97 447 169 519 luto,
182 445 276 504 donec
288 447 414 520 regessit
427 443 549 521 lapides.
578 445 606 503 in
618 446 702 518 Syria
714 445 808 504 levem
820 447 898 504 tenui
915 445 996 504 sulco
1009 447 1094 523 inpri-

96 536 174 588 munt
188 544 353 603 vomerem,
377 529 443 604 quia
458 526 559 586 subest
581 545 680 587 saxum
703 546 828 588 exurens
850 537 961 589 aestate
977 531 1093 588 semina.

96 613 156 672 lam
170 612 197 669 in
213 611 383 688 quibusdam
405 610 480 669 locis
503 611 602 671 similis
625 621 722 671 aestus
742 612 877 672 inmodici
901 621 930 671 et
952 613 1091 689 frigorum
1103 623 1136 676 31

75 697 229 756 collectus.
262 703 307 752 est
329 693 432 753 fertilis
447 693 571 753 Thracia
587 695 701 771 frugum
724 697 834 770 rigore,
851 695 979 755 aestibus
996 696 1095 756 Africa

96 789 125 839 et
138 778 301 855 Aegyptus.
327 779 355 836 in
368 776 487 837 Chalcia
498 776 675 837 Rhodiorum
687 777 778 836 insula
791 778 874 838 locus
887 778 999 856 quidam
1012 781 1095 838 estin

96 872 201 924 tantum
225 861 365 920 iecundus
390 868 419 919 ut
439 879 492 921 suo
517 869 649 938 tempore
677 868 769 920 satum
789 861 935 920 demetant
955 862 1094 921 hordeum

95 945 297 1022 sublatumque
308 946 438 1022 protinus
451 953 549 1005 serant
562 953 590 1003 et
603 962 666 1003 cum
678 942 741 1003 aliis
754 944 884 1020 frugibus
896 953 1011 1003 metant.
1032 945 1094 1021 gla-

95 1047 213 1090 reosum
228 1028 303 1088 oleis
319 1029 411 1088 solum
421 1031 597 1107 aptissimum
607 1029 635 1086 in
646 1027 824 1101 Venafrano,
837 1029 1054 1106 pinguissimum
1067 1031 1095 1087 in

62 1129 86 1170 ro
95 1114 221 1174 Baetica.
250 1112 357 1172 Pucina
377 1113 442 1171 vina
463 1115 492 1171 in
513 1130 585 1173 saxo
612 1120 769 1186 cocuntur,
796 1109 951 1170 Caecubae
973 1113 1047 1171 vites
1067 1114 1095 1171 in

95 1199 251 1275 Pomptinis
268 1195 421 1274 paludibus
437 1195 562 1255 madent.
593 1205 670 1255 tanta
687 1203 731 1254 est
743 1205 975 1272 argumentorum
987 1214 1022 1255 ac
1038 1196 1094 1254 soli

94 1282 219 1340 varietas
235 1298 270 1339 ac
291 1279 464 1338 differentia.
497 1277 608 1339 Caesar
622 1280 786 1357 Vopiscus,
805 1296 868 1338 cum
885 1297 1000 1339 causam
1016 1279 1089 1357 apud
1101 1289 1135 1342 32

96 1380 236 1422 censores
251 1370 371 1440 ageret,
393 1380 512 1440 campos
525 1362 633 1422 Rosiae
649 1363 719 1422 dixit
733 1362 837 1422 Italiae
854 1381 953 1422 sumen
970 1381 1048 1436 esse,
1066 1364 1094 1421 in

96 1446 199 1523 quibus
218 1447 344 1523 perticas
361 1445 456 1522 pridie
471 1444 590 1504 relictas
605 1463 723 1521 gramen
742 1447 882 1522 operiret,
899 1445 952 1504 sed
968 1446 1094 1503 nonnisi

61 1547 86 1588 rs
96 1530 131 1588 ad
151 1528 285 1605 pabulum
303 1527 469 1605 probantur.
500 1538 665 1587 nontamen
681 1527 814 1586 indocilis
830 1537 929 1586 natura
955 1545 1009 1586 nos
1025 1546 1093 1587 esse

95 1612 197 1685 voluit,
210 1619 239 1669 et
251 1612 318 1669 vitia
331 1611 468 1670 confessa
480 1611 550 1670 lecit
562 1612 647 1670 etiam
660 1609 709 1669 uhi
722 1609 799 1669 bona
810 1620 889 1671 certa
902 1627 958 1668 non
970 1610 1092 1670 fecerat.

96 1693 282 1773 quamobrem
294 1695 414 1771 primum
432 1695 555 1777 crimina,
565 1694 694 1753 dicimus.

156 1779 184 1838 5.
205 1777 323 1836 Terram
335 1794 459 1836 amaram
473 1777 659 1855 probaverint
676 1777 908 1837 demonstrantes
924 1783 998 1837 catu
1011 1786 1090 1836 atrae
1099 1788 1134 1841 33

94 1863 307 1939 degenerisque
322 1861 449 1936 herbae,
471 1861 604 1938 frigidam
627 1870 721 1920 autem
745 1860 889 1921 retorride
914 1871 995 1936 nata,
1025 1861 1093 1920 item

58 1967 84 2007 co
94 1947 265 2023 uliginosam
280 1945 382 2021 tristia,
396 1945 539 2005 rubricam
555 1944 648 2004 oculis
665 1945 865 2021 argillamque‚
882 1947 965 2022 operi
979 1944 1092 2004 dillicil·

94 2030 175 2088 limas
198 2046 332 2108 quaeque
355 2038 465 2087 rastros
486 2038 533 2088 aut
554 2046 690 2088 vomeres
710 2027 873 2104 ingentibus
894 2027 1009 2104 glaebis
1024 2046 1092 2088 onc-

94 2121 168 2186 rent,
185 2129 356 2189 quamquam
384 2129 441 2170 non
466 2112 543 2190 quod
565 2113 648 2189 operi
670 2111 728 2170 hoc
753 2121 781 2170 et
802 2111 906 2170 iructui
929 2112 1089 2171 adversum.

94 2198 162 2254 item
178 2213 194 2253 e
211 2195 357 2253 contrario
375 2196 554 2252 cineraceam
569 2204 599 2252 et
614 2193 745 2253 sabulum
767 2193 871 2252 album.
903 2212 967 2253 nam
983 2195 1090 2254 sterilis

95 2278 184 2336 densa
199 2276 276 2336 callo
291 2276 378 2335 facile
394 2277 620 2354 deprehenditur
634 2277 683 2336 vel
700 2275 755 2336 uno
775 2279 833 2335 ictu
850 2276 986 2353 cuspidis.
1017 2275 1133 2340 (latossl

59 2380 85 2419 aa
95 2361 224 2420 breviter
242 2369 328 2437 atque
348 2379 385 2418 ex
400 2377 452 2419 suo
475 2377 555 2419 more
573 2363 641 2421 vitia
659 2361 844 2420 determinat:
870 2358 1015 2418 Terram
1038 2378 1090 2418 ca-

94 2448 228 2505 riosam
256 2461 362 2520 cave,
388 2461 479 2503 neve
501 2444 671 2522 plaustro
697 2462 787 2502 neve
809 2460 946 2520 pecore
970 2442 1090 2519 inpel-

94 2530 156 2589 las.
186 2528 253 2606 quid
266 2537 396 2605 putamus
410 2527 466 2587 hac
484 2527 681 2605 appellatione
696 2526 731 2586 ab
744 2546 780 2586 eo
796 2535 947 2603 tantopere
960 2527 1090 2585 reiormi-

95 2614 156 2672 dari
169 2621 199 2670 ut
215 2629 308 2688 paene
323 2612 454 2688 vestigiis
473 2628 589 2688 quoque
604 2608 776 2670 interdicant
794 2611 958 2686 redigamus
973 2610 1008 2668 ad
1022 2610 1091 2686 ligni

96 2697 218 2768 cariem,
248 2703 277 2752 et
294 2695 470 2753 inveniemus
486 2693 536 2753 illa
557 2711 630 2771 quae
653 2695 804 2755 intantum
823 2693 1002 2753 abominatur
1023 2695 1089 2752 vitia

59 2778 205 2851 maridas,
218 2776 378 2850 fistulosae,
390 2777 523 2853 scabrae,
536 2779 675 2854 canentia,
688 2796 808 2852 exesae,
822 2777 999 2854 pumicosae.
1022 2777 1086 2853 plus
1099 2787 1133 2838 35

95 2862 166 2920 dixit
180 2878 235 2919 una
251 2861 460 2936 significatione
476 2879 559 2940 quam
573 2863 666 2939 possit
680 2861 738 2921 ulla
751 2861 835 2938 copia
852 2861 994 2918 sermonis
1009 2877 1090 2918 enar-

95 2946 160 3005 rari.
181 2953 226 3003 est
239 2944 312 3002 enim
325 2945 562 3022 intrepretatione
575 2947 706 3005 vitiorum
719 2944 972 3022 quaedam-non
984 2951 1089 3016 aetate,

95 3046 170 3105 quae
185 3027 263 3087 nulla
278 3030 306 3086 in
317 3045 352 3086 ea
363 3027 492 3103 intellegi
504 3037 611 3106 potest,
629 3029 680 3087 sed
693 3038 792 3088 natura
804 3045 855 3085 sua
867 3058 908 3072 -
920 3045 989 3086 anus
1002 3035 1089 3100 terra,

95 3120 123 3170 et
143 3112 210 3171 ideo
233 3110 385 3170 infecunda
409 3111 445 3170 ad
470 3112 563 3170 omnia
586 3121 671 3188 atque
694 3110 839 3171 inbecilla.
884 3107 965 3168 ldem
988 3120 1133 3186 agrando

59 3211 85 3252 as
95 3205 240 3273 optumum
260 3195 366 3254 iudicat
388 3195 424 3254 ad
445 3194 571 3253 radicem
597 3197 731 3254 montium
753 3194 870 3272 planitie
891 3193 919 3251 in
942 3194 1089 3252 meridiem

95 3287 285 3354 excurrente,
299 3280 346 3355 qui
362 3287 407 3338 est
420 3279 508 3337 totius
523 3276 623 3336 ltaliae
639 3279 726 3352 situs,
753 3287 859 3337 terram
875 3295 944 3336 vero
961 3286 1091 3336 teneram

95 3380 169 3440 quae
184 3371 305 3423 vocetur
318 3361 405 3439 pulla.
436 3361 491 3419 erit
503 3361 589 3437 igitur
604 3361 677 3421 haec
689 3371 805 3439 optuma
823 3368 853 3418 ct
869 3362 951 3436 operi
971 3367 999 3417 et
1016 3366 1093 3414 sato.

95 3447 271 3524 intellegere
294 3446 380 3506 modo
396 3445 485 3504 libeat
508 3445 615 3504 dictam
630 3446 707 3506 mira
720 3442 1127 3570 sigrixbcaixsnpssnesexams
