2422 3840
305 179 385 224 mnu.
403 176 493 226 nter.
510 178 608 224 xv111.
625 173 746 228 cat-35.
764 164 917 243 (tt-79.)
939 144 942 148 ’
1055 189 1056 192 “
1075 167 1132 227 151

89 341 214 408 tectum,
241 332 342 409 paucis
358 348 425 390 mox
443 330 522 390 horis
545 346 634 389 saevo
655 329 746 389 imbre
763 330 968 390 vaticinatione
986 331 1092 410 adpro·

89 417 165 477 bata.
197 415 264 492 quin
287 415 371 473 immo
391 423 420 473 et
434 411 620 474 harundinem
643 414 778 472 nonnisi
800 414 977 491 inpendente
995 415 1094 493 pluvia

91 500 150 558 seri
166 497 264 557 iubent
282 506 311 556 et
327 497 427 574 fruges
449 499 615 556 insecuturo
636 495 738 556 imbre.
769 497 956 574 quamobrem
975 498 1094 558 ethaeo

90 582 221 642 breviter
236 582 414 657 attingimus,
433 579 552 640 scrutati
566 596 697 639 maxume
711 581 896 657 pertinentia,
913 583 1093 660 primumque

66 683 107 726 ua
125 665 188 724 sole
214 666 361 742 capiemus
387 664 553 742 praesagia.
591 663 682 723 Purus
707 665 804 722 oriens
824 673 910 742 atque
933 682 990 724 non
1015 665 1137 728 ier-342

89 767 160 808 vens
178 766 312 807 serenum
326 748 402 806 diem
417 749 542 822 nuntiat,
567 755 596 807 at
610 746 759 807 hibernam
774 745 899 824 pallidus
914 747 1092 824 grandinem.

10 898 12 903 ,
89 834 113 892 si
133 841 161 891 et
178 831 286 891 occidit
301 831 394 908 pridie
409 848 530 890 serenus
544 838 573 889 et
587 831 688 905 oritur,
703 839 782 889 tanto
799 831 908 889 certior
925 829 997 890 lides
1012 849 1093 890 sere·

16 940 18 944 ¹
87 917 193 975 uitatis.
228 930 375 974 concavos
391 914 489 974 oriens
507 913 620 991 pluvias
636 914 790 991 praedicit,
805 913 884 973 idern
898 923 1013 991 ventos,
1030 931 1094 973 cum

90 1007 157 1059 ante
173 1000 353 1057 exorientem
369 1015 433 1057 eum
448 996 539 1057 nubes
555 996 729 1072 rubescunt,
753 995 830 1075 quod
849 996 873 1056 si
887 1006 916 1056 et
930 998 1031 1074 nigrae
1047 1015 1093 1056 ru·

55 1102 80 1143 ru
91 1080 226 1141 bentibus
240 1082 447 1141 intervenerint
462 1090 491 1140 et
505 1080 628 1158 pluvias.
675 1097 739 1139 cum
755 1080 917 1140 occidentis
934 1091 982 1142 ant
998 1082 1092 1141 orien-

89 1167 127 1225 tis
142 1164 213 1225 radii
228 1166 360 1224 videntur
374 1167 471 1238 coire,
500 1164 623 1242 pluvias.
657 1164 681 1222 si
699 1165 777 1224 circa
794 1165 977 1225 occidentem
991 1165 1137 1226 nube-343

89 1258 173 1310 scunt
188 1248 297 1323 nubes,
327 1250 512 1308 serenitatem
534 1247 622 1307 futuri
637 1247 695 1307 diei
717 1247 871 1325 spondent.
904 1249 930 1308 si
944 1250 972 1308 in
988 1258 1091 1308 exortu

90 1342 264 1411 spargentur
288 1333 391 1410 partim
412 1332 447 1391 ad
474 1339 600 1390 anstrum
620 1332 723 1408 partim
750 1330 785 1391 ad
812 1331 992 1409 aquilonem,
1020 1350 1092 1411 pura

91 1420 168 1476 circa
189 1434 253 1474 eum
269 1416 413 1474 serenitas
428 1417 465 1473 sit
480 1414 559 1487 licet,
575 1413 702 1491 pluviam
716 1422 812 1473 tamen
825 1425 988 1493 ventosque
1004 1418 1091 1492 signi·

55 1499 226 1558 rnficabunt.
260 1499 331 1556 siin
354 1507 418 1557 ortu
440 1505 488 1556 aut
509 1498 538 1555 iu
554 1512 662 1555 occasu
684 1499 825 1557 contracti
841 1508 995 1557 cernentur
1008 1497 1092 1566 radii,

89 1581 220 1642 imbrem.
253 1581 277 1640 si
299 1583 328 1640 in
344 1597 451 1641 occasu
473 1580 535 1639 eius
556 1579 638 1657 pluet
658 1586 706 1638 aut
727 1580 798 1639 radii
817 1579 922 1640 nubem
942 1581 1019 1640 inse
1037 1590 1092 1641 tra-

89 1667 168 1738 hent,
195 1680 328 1742 asperam
343 1665 371 1723 in
385 1680 556 1741 proxumum
571 1662 645 1722 diem
660 1670 863 1740 tempestatem
881 1664 1091 1740 significabunt.

91 1766 153 1808 cum
172 1749 285 1807 oriente
301 1747 373 1809 radii
387 1764 444 1806 non
460 1746 595 1806 inlustres
612 1745 785 1822 emiuebunt,
806 1749 936 1826 quamvis
953 1748 1073 1807 circum·
1084 1757 1138 1811 344

90 1832 173 1892 datae
189 1830 282 1891 nubes
298 1849 356 1891 non
377 1832 448 1906 siut,
470 1830 596 1909 pluviam
619 1829 802 1909 portendent.
833 1831 858 1890 si
879 1841 945 1892 ante
962 1841 1093 1891 exortum

54 1915 182 1979 nouubes
205 1915 417 1991 globabuntur,
443 1916 568 1974 hiemem
593 1930 728 1992 asperam
753 1913 967 1975 denuntiabunt.
1003 1916 1029 1974 si
1056 1915 1092 1975 ab

91 2007 155 2060 ortu
170 1998 350 2076 repellentur
366 2008 395 2057 et
416 1998 452 2058 ad
470 2015 605 2057 occasum
622 1997 755 2074 abibunt,
777 2000 972 2059 serenitatem.
1001 2000 1026 2058 si
1042 2017 1092 2058 nu·

90 2083 143 2141 bes
163 2081 257 2141 solem
279 2080 522 2156 circumcludunt,
553 2090 659 2157 quanto
681 2083 774 2140 minus
795 2082 906 2141 luminis
928 2083 1093 2161 relinquent
1204 2101 1206 2104 ’

90 2172 169 2223 tanto
192 2162 332 2223 turbidior
353 2172 513 2240 tempestas
533 2164 604 2239 crit,
633 2164 658 2222 si
678 2180 751 2223 uero
772 2166 859 2224 etiam
885 2165 995 2243 duplex
1012 2165 1097 2225 orbis⁴

91 2247 188 2320 inerit,
215 2262 252 2304 eo
268 2248 404 2306 atrocior.
435 2244 552 2323 quodsi
569 2247 597 2304 in
613 2255 717 2306 exortu
732 2255 780 2305 aut
794 2248 821 2304 in
838 2264 946 2306 occasu
962 2248 1021 2321 liet,
1037 2249 1076 2307 ita
1083 2257 1137 2312 345

54 2338 121 2389 csut
138 2329 296 2389 rubescant
316 2329 425 2404 nubes,
453 2345 584 2389 maxuma
606 2328 775 2389 ostendetur
796 2339 965 2407 tempestas.
994 2332 1094 2389 sinon

90 2413 237 2474 ambibunt
252 2413 305 2473 sed
329 2412 510 2488 incumbent,
541 2430 557 2473 a
580 2429 761 2490 quocumque
783 2421 871 2471 vento
896 2412 1003 2472 fuerint
1028 2430 1093 2472 eum

90 2496 282 2576 portendent,
308 2500 333 2557 si
358 2515 374 2557 a
401 2497 539 2572 meridie,
569 2505 598 2555 et
623 2495 754 2556 imbrem.
792 2497 818 2554 si
843 2497 940 2555 oriens
963 2497 1093 2594 cingetur

91 2579 179 2654 orbe,
204 2599 243 2639 cx
258 2599 314 2658 qua
329 2582 452 2659 parteis
467 2598 501 2639 se
517 2581 610 2677 aperit
620 2587 820 2678 exspectetur
828 2589 941 2639 ventus.
973 2581 997 2639 si
1014 2588 1091 2640 totus

91 2663 244 2723 defluxerit
260 2664 432 2740 aequaliter,
455 2664 641 2723 serenitatem
656 2662 744 2722 dabit.
772 2664 796 2721 si
811 2663 841 2722 in
860 2673 964 2723 exortu
984 2664 1137 2740 tongerlo

55 2746 189 2806 aoradios
218 2764 273 2824 per
300 2747 384 2806 nubis
410 2747 543 2826 porriget
570 2754 600 2806 et
622 2746 734 2806 medius
760 2748 815 2806 erit
835 2747 939 2822 inanis,
967 2747 1142 2825 pluviam'

73 2829 275 2906 significabit.
306 2831 331 2889 si
347 2839 412 2891 autc
431 2839 523 2891 ortum
540 2831 613 2891 radii
628 2849 661 2891 se
679 2830 842 2906 ostendent,
858 2848 961 2908 aquam
978 2839 1007 2889 et
1023 2848 1091 2888 ven·

91 2923 158 2972 tum.
195 2914 220 2971 si
236 2914 313 2973 circa
330 2914 513 2974 occidentem
535 2914 674 2975 candidus
694 2913 820 2974 circulus
839 2916 909 2989 erit,
936 2913 1030 2973 noctis
1050 2912 1091 2972 le·

91 3015 155 3056 vem
171 3004 391 3075 tempestatem,
415 2999 439 3058 si
458 2997 582 3073 nebula,
608 2998 874 3074 vehementiorem,
901 2997 925 3055 si
950 2996 1092 3057 candente

91 3081 172 3157 sole,
196 3089 329 3155 ventum,
352 3082 377 3139 si
393 3089 456 3141 ater
471 3081 597 3140 circulus
613 3081 715 3157 fuerit,
744 3099 781 3140 ex
797 3099 853 3159 qua
867 3081 989 3157 regione
1004 3081 1029 3140 is
1046 3098 1092 3139 ru·

54 3185 82 3226 an
92 3165 166 3242 perit
182 3173 346 3224 serentum
362 3181 503 3240 magnum.

154 3249 238 3326 (79.)
254 3247 395 3307 Proxuma
412 3249 468 3306 sint
483 3249 545 3306 iure
560 3247 645 3306 lunae
660 3249 824 3325 praesagia.
855 3247 991 3320 Quartam
1007 3264 1070 3305 eam
1082 3250 1138 3308 347

91 3348 221 3390 maxume
238 3331 375 3392 observat
392 3330 555 3409 Aegyptus.
578 3330 602 3388 si
617 3329 773 3408 splendens
790 3339 891 3392 exorta
907 3347 980 3409 puro
998 3331 1092 3387 nitore

91 3411 185 3489 fulsit,
207 3415 409 3492 serenitatem,
439 3414 465 3473 si
478 3412 653 3489 rubicunda,
668 3423 796 3489 ¹ventos,
816 3415 840 3472 si
855 3415 954 3490 nigra,
978 3411 1093 3488 pluvias
