2422 3840
362 213 442 260 nnn.
460 213 551 262 mun.
574 213 646 261 xvr.
662 211 781 264 ati—ns.
800 204 940 279 (tt-41)
1090 205 1127 267 19

195 365 279 442 (40.)
310 363 380 423 Flos
400 375 445 424 est
459 367 537 444 pleni
552 368 631 426 veris
647 366 777 426 indicium
800 377 829 427 et
850 367 915 427 anni
936 369 1126 444 renascentis,
1136 377 1170 431 95

132 447 187 508 ilos
208 447 342 525 gandium
362 447 506 509 arborum.
541 458 608 509 tnnc
632 469 665 509 se
686 466 777 509 novas
798 450 928 527 aliasque
954 467 1037 527 quam
1065 461 1128 509 sunt

133 531 303 607 ostendunt,
326 539 393 591 tnnc
415 534 502 592 variis
528 533 658 592 colorum
680 534 800 609 picturis
820 534 848 591 in
869 541 1014 592 certamen
1034 552 1126 612 usque

132 615 284 674 luxuriant.
316 614 370 674 sed
385 614 442 674 boc
458 625 591 692 negatum
608 616 766 694 plerisque.
796 633 854 681 non
869 617 944 674 enim
959 634 1058 676 omnes
1075 616 1126 676 ilo-

108 706 213 773 arent‚
236 706 265 756 et
285 705 350 756 sunt
371 700 469 756 tristes
492 699 632 775 quaedam
653 716 785 777 quaeque
805 716 863 759 non
881 701 1004 759 sentiant
1024 701 1127 775 gaudia

132 797 278 840 annorum.
310 798 375 840 nam
387 799 483 859 neque
498 782 572 855 ilex,
588 783 690 858 picea,
708 781 797 856 larix,
814 783 896 859 pinus
911 781 970 840 ullo
986 781 1058 841 ilore
1077 800 1126 841 ex-

131 864 289 924 hilarantur
320 864 460 923 natalisve
496 881 644 942 pomorum
680 881 788 924 annuos
826 864 998 923 versicolori
1029 867 1126 924 nuntio

131 949 312 1025 promittunt,
344 965 399 1007 nec
427 947 473 1007 liei
503 957 589 1026 atque
616 946 754 1024 caprifici.
801 949 931 1024 protinus
962 949 1035 1007 enirn
1069 948 1126 1007 iru-

133 1039 209 1089 ctum
225 1047 279 1107 pro
298 1030 371 1090 dore
386 1032 512 1108 gignunt.
536 1032 564 1089 in
580 1031 642 1090 licis
658 1029 804 1089 mirabiles
823 1039 887 1090 sunt
903 1039 931 1089 et
944 1030 1062 1090 abortus
1079 1033 1126 1109 qui

95 1135 121 1176 to
131 1131 281 1191 numquam
295 1123 499 1174 maturescunt.
528 1113 592 1175 Nec
612 1114 725 1191 iunipiri
748 1114 861 1176 dorent.
893 1114 1006 1191 quidam
1027 1123 1167 1178 earnm96

131 1198 187 1257 duo
203 1215 311 1273 genera
325 1195 452 1256 tradunt:
473 1198 593 1257 alteram
607 1196 714 1256 florere
727 1214 783 1256 nec
797 1198 887 1272 ferre,
900 1215 1057 1276 quaerero
1070 1214 1126 1257 non

130 1280 233 1339 doreat
253 1281 332 1339 ierre
353 1282 483 1356 protinus
503 1282 585 1340 bacis
612 1280 795 1339 nascentibus
817 1297 891 1357 quae
919 1279 1034 1339 biennio
1057 1281 1135 1341 nae,

129 1371 221 1422 reant.
244 1363 296 1422 sed
310 1363 339 1422 id
355 1362 468 1438 falsum,
486 1363 675 1440 omnibusque
688 1362 732 1422 bis
749 1363 818 1423 dnra
829 1364 920 1423 iacies
930 1379 1055 1441 semper.
1082 1365 1124 1422 sic

130 1455 158 1506 et
173 1447 316 1507 hominurn
328 1447 424 1506 multis
438 1447 550 1505 lortuna
565 1448 626 1504 sine
643 1445 716 1505 ilore
734 1453 788 1504 est.

95 1550 120 1591 rs
194 1530 277 1607 (41.)
307 1526 412 1587 Omnes
433 1538 527 1588 autern
548 1529 723 1604 germinant,
744 1528 829 1585 etiarn
845 1544 919 1604 qnae
938 1527 1165 1601 nonilorent‚9t

129 1629 231 1687 magna
247 1620 276 1669 et
292 1609 427 1670 locorum
443 1612 620 1684 differentia,
639 1612 745 1687 quippe
763 1627 825 1668 curo
842 1628 880 1668 ex
896 1610 999 1669 eodem
1013 1628 1124 1686 genere

130 1712 204 1772 qnae
223 1703 286 1752 sunt
301 1694 328 1752 in
343 1694 517 1772 palustribus
539 1695 636 1772 priora
657 1694 833 1769 germinent,
855 1710 923 1752 mox
939 1695 1122 1770 campestria,

129 1777 327 1836 novissimain
345 1777 437 1850 siluis,
454 1796 508 1856 per
523 1795 555 1836 se
570 1785 664 1836 antem
680 1776 788 1836 tardius
802 1777 857 1854 piri
872 1772 1023 1835 silvestres
1040 1794 1124 1855 quam

129 1869 237 1920 cetera.
266 1861 358 1937 primo
375 1861 490 1920 favonio
505 1877 620 1934 cornus,
630 1877 770 1937 proxume
785 1860 881 1918 laurus
897 1859 1041 1937 pauloque
1058 1869 1123 1926 ante

93 1961 118 2001 ao
129 1944 339 2020 aequinoctium
354 1943 430 2018 tilia,
450 1962 535 2019 acer,
556 1944 631 2002 inter
652 1943 757 2019 primas
774 1960 844 2002 vero
861 1943 1003 2021 populus,
1019 1943 1121 2018 ulmus,

129 2027 219 2101 salix,
238 2026 335 2100 alnus,
355 2044 453 2084 nuces.
479 2027 594 2086 festinat
614 2035 643 2084 et
663 2026 803 2102 platanus.
834 2034 951 2085 ceterae
964 2044 1035 2085 vere
1052 2043 1119 2085 coe·
1130 2034 1164 2088 98

128 2117 230 2186 ptum,
248 2108 432 2186 aquifolium,
447 2108 648 2182 terebinthus,
663 2108 806 2184 paliurus,
822 2119 972 2183 castanea,
989 2108 1120 2184 glandes,

128 2192 256 2250 serotino
272 2199 366 2249 autem
379 2191 507 2265 germine
520 2189 622 2263 malus,
638 2190 799 2249 tardissimo
817 2189 914 2249 suber.
947 2191 1121 2262 Quibusdam

128 2274 304 2349 germinatur
317 2272 498 2350 germinatio,
513 2273 597 2330 nimia
613 2270 669 2329 soli
680 2271 812 2331 ubertate
832 2282 878 2331 ant
893 2274 1035 2332 invitantis
1049 2273 1121 2331 caeli

90 2379 117 2419 25
128 2355 293 2433 voluptate,
319 2355 394 2433 quod
411 2357 502 2431 magis
522 2357 551 2414 in
566 2353 664 2413 herbis
682 2364 813 2430 segetum
833 2356 938 2414 evenit.
968 2355 996 2412 in
1012 2354 1121 2414 arbori·

128 2438 181 2498 bus
200 2448 296 2498 tamen
312 2439 396 2498 nimia
412 2438 581 2516 germinatio
600 2437 761 2496 elassescit.
792 2437 863 2497 Sunt
884 2437 958 2496 aliae
975 2437 1120 2496 naturales
1129 2446 1163 2500 99

127 2521 296 2599 quibusdam
312 2530 487 2600 praeterque
504 2538 638 2594 vernam,
663 2538 737 2597 quae
752 2521 811 2579 suis
829 2528 961 2579 constant
977 2519 1121 2579 ‘sideribus

128 2622 247 2680 quorum
262 2607 334 2664 ratio
349 2607 442 2682 aptius
457 2605 596 2664 reddetur
609 2605 694 2663 tertio
713 2603 748 2663 ab
764 2603 821 2664 hoc
842 2603 995 2662 volumine.
1026 2603 1067 2662 bi·
1079 2601 1162 2686 ,0125sp

126 2687 216 2744 berna
233 2687 345 2762 aquilae
362 2697 482 2762 exortu,
498 2689 610 2748 aestiva
625 2688 704 2747 canis
720 2696 801 2762 ortu,
821 2688 906 2747 tertia
924 2687 1038 2747 arcturi.
1069 2686 1120 2745 has

90 2797 116 2837 30
128 2770 199 2829 duas
217 2770 328 2847 quidam
344 2770 475 2830 omnibus
490 2770 641 2830 arboribus
657 2771 813 2831 communis
827 2779 942 2848 putant,
959 2769 1057 2828 sentiri
1073 2786 1120 2827 au·

126 2862 184 2913 tem
200 2870 331 2913 maxume
348 2855 376 2912 in
392 2853 465 2928 lico,
480 2854 555 2928 vite,
572 2854 702 2931 punicis,
719 2872 833 2914 eausam
849 2853 1033 2927 adferentes,
1051 2867 1120 2928 quo·

126 2938 200 2996 niam
222 2938 250 2994 in
272 2935 421 2996 Thessalia
441 2935 668 3013 Macedoniaque
692 2937 822 3013 pluruma
850 2944 908 2995 tum
930 2936 1001 2995 licus
1024 2943 1119 3014 exeat.

126 3037 257 3078 maxume
272 3029 366 3079 tannen
380 3021 408 3078 in
421 3019 559 3096 Aegypto
580 3020 700 3097 adparet
715 3020 790 3079 baec
804 3021 887 3079 ratio.
920 3017 957 3078 Et
972 3018 1102 3096 reliquae
1112 3027 1161 3078 ltttt

126 3102 240 3178 quidem
258 3102 396 3178 arbores,
418 3111 447 3160 ut
462 3103 582 3179 primurn
597 3119 741 3180 coepere,
760 3103 923 3162 continuant
938 3101 1119 3178 germinatio-

89 3205 117 3246 ss
126 3203 209 3261 nem,
229 3186 318 3246 robur
339 3195 367 3246 ct
390 3184 472 3245 abies
493 3192 523 3242 et
538 3185 611 3243 larix
625 3186 811 3245 intermittunt
828 3185 971 3262 tripertito
988 3203 1022 3244 ac
1039 3193 1119 3243 terna

125 3271 255 3345 germina
270 3269 366 3329 edunt.
397 3269 463 3328 ideo
480 3275 509 3326 et
525 3276 569 3327 ter
582 3284 714 3344 squamas
728 3270 866 3329 corticum
882 3277 1029 3345 spargunt,
1044 3263 1119 3342 qnod

126 3350 257 3411 omnibns
272 3351 421 3412 arboribus
437 3353 466 3410 in
483 3351 690 3427 germinatione
705 3352 812 3427 evenit,
829 3353 961 3429 quoniam
976 3363 1117 3426 praegna-

125 3435 195 3494 tium
211 3437 349 3513 rumpitur
365 3445 475 3495 cortex.
505 3443 654 3494 astantem
666 3437 755 3512 prima
770 3451 866 3494 earnm
880 3434 1117 3571 inqipientevere
