2422 3840
112 175 153 238 82
459 191 489 240 c.
506 193 601 240 emur
616 191 767 240 snorum

113 353 249 422 quattuor
260 362 391 421 gemmae
407 345 564 406 obruuntur
582 348 617 406 ad
638 347 764 406 radicem
786 346 971 424 capiendam,
988 357 1070 407 extra
1085 349 1116 407 in

72 437 123 489 205
137 429 233 506 capite
250 426 334 488 binae
349 429 535 488 relincuntur.
565 431 632 488 vitis
647 432 675 488 in
693 430 811 490 arbusto
828 439 963 507 quattuor
977 429 1070 507 pedes
1085 433 1116 490 in

116 512 205 586 longo
224 521 346 586 constat,
363 515 438 571 omni
455 513 537 572 sulco
554 515 605 572 tris
620 513 690 590 lato,
706 513 765 573 alto
780 512 853 572 duos
870 530 932 572 cum
951 515 1115 591 semipede.

113 603 181 672 post
198 612 300 654 annum
317 613 450 673 propago
470 598 603 656 inciditur
623 597 659 656 ad
675 595 844 671 medullam,
867 605 897 655 ut
916 596 1051 674 paulatim
1067 615 1114 656 ra·

113 678 224 737 dicibus
239 681 298 738 suis
315 679 477 740 adsuescat.
509 680 633 740 caulisa
656 682 751 758 capite
772 680 807 739 ad
829 680 899 739 duas
922 697 1050 755 gemmas
1066 697 1139 742 re=c

114 762 234 838 ciditur,
257 765 343 823 tertio
358 773 435 823 totus
449 781 565 840 mergus
581 762 738 823 absciditur
756 764 964 842 reponiturque
984 763 1070 822 altius
1084 765 1114 822 iu

113 854 236 920 terram,
260 865 296 906 ne
320 865 357 906 cx
380 850 476 906 reciso
497 847 640 906 frondeat.
677 846 740 906 tolli
762 847 912 906 viveradix
933 864 948 904 a
968 847 1113 907 vindemia

70 937 122 991 aod
134 931 264 1006 protinus
294 930 391 990 debet.
434 931 492 1009 [241
521 929 623 1008 Nuper
649 939 796 1008 repertum
827 931 982 989 draconem
1010 947 1113 990 serere

112 1013 189 1072 iuxta
206 1012 356 1089 arborem,
372 1047 413 1059 -
429 1016 467 1074 ita
483 1014 664 1092 appellamus
687 1013 832 1091 palmitem
853 1015 1002 1072 emeritum
1023 1011 1112 1091 pluri·

112 1094 225 1172 busque
246 1096 404 1155 induratum
422 1099 513 1172 aunis,
535 1096 671 1155 -bunc
692 1097 855 1174 praecisum
877 1114 960 1173 quam
980 1113 1148 1156 maxumam

112 1178 309 1255 amplitudine,
326 1179 417 1239 tribus
433 1180 561 1258 partibus
576 1179 763 1257 longitudinis
779 1179 883 1239 deraso
901 1180 1023 1255 cortice,
1041 1197 1110 1258 qua·

113 1269 197 1320 tenus
223 1261 376 1337 obruatur,
397 1263 472 1322 unde
497 1272 526 1322 et
548 1263 665 1322 rasilem
685 1273 807 1338 vocant,
829 1262 992 1341 deprimere
1016 1263 1110 1337 sulco,

112 1343 224 1422 reliqua
241 1354 324 1422 parte
339 1347 375 1406 ad
392 1347 526 1406 arborem
542 1357 652 1422 erecta,
670 1348 835 1406 ocissimum
851 1348 879 1405 in
895 1348 963 1406 vite.
998 1348 1029 1406 Si
1043 1363 1111 1422 gra·

113 1427 177 1487 cilis
193 1429 229 1487 sit
243 1429 310 1488 vitis
325 1439 374 1490 aut
388 1439 477 1506 terra,
492 1431 623 1491 usitatum
638 1439 683 1490 est
698 1448 780 1509 quam
797 1447 938 1508 proxume
953 1430 1045 1489 solum
1061 1430 1111 1489 de·

113 1510 186 1587 cidi,
203 1512 298 1572 donec
312 1513 441 1574 firmetur
457 1515 556 1590 radix,
578 1516 652 1574 sicut
666 1532 762 1593 neque
776 1514 920 1574 roscidam
941 1515 999 1572 seri
1014 1529 1148 1591 nequem

113 1611 129 1653 a
143 1597 351 1673 septentrionis
367 1597 445 1657 llatu.
472 1600 546 1658 vites
562 1598 726 1676 aquilonem
743 1605 878 1675 spectare
893 1596 1002 1656 debent
1017 1599 1111 1675 ipsae,

70 1685 122 1740 aot
133 1678 266 1755 palmites
282 1688 376 1739 autem
395 1698 492 1740 earum
507 1681 665 1742 meridiem.
699 1682 756 1759 [25]
778 1679 844 1739 Non
860 1690 905 1739 est
919 1680 1112 1739 festinandum

114 1761 149 1820 ad
165 1763 342 1839 putationem
362 1764 515 1839 novellae,
533 1763 585 1823 sed
600 1765 693 1842 primo
708 1767 737 1822 in
754 1764 1032 1824 circulos'materies
1049 1762 1111 1822 col·

113 1845 246 1921 ligenda,
267 1863 322 1905 nec
343 1848 398 1906 nisi
417 1846 530 1906 validae
548 1847 876 1925 putatioadmovenda,
901 1847 1014 1906 seriore
1036 1862 1111 1904 anno

113 1928 176 1986 iere
195 1928 230 1987 ad
245 1927 368 1987 iructum
384 1929 499 1988 arbusta
515 1930 573 1989 vite
599 1947 682 2009 quam
699 1932 806 2007 iugata.
839 1939 904 1989 sunt
924 1932 971 2009 qni
996 1931 1148 1989 omninoao

114 2013 207 2087 putari
240 2020 335 2071 vetant
365 2013 531 2090 priusquam
560 2012 694 2073 arborem
723 2013 902 2090 longitudine
931 2011 1110 2091 aequaverit.

115 2094 205 2152 Prima
220 2094 297 2154 falce
312 2113 367 2155 sex
385 2095 478 2175 pedes
498 2105 607 2156 eterra
624 2097 786 2172 recidatur,
811 2096 930 2174 flagello
952 2097 1025 2155 inira
1042 2095 1110 2155 reli·

112 2185 162 2243 cto
179 2186 208 2236 et
222 2180 303 2238 nasci
319 2189 422 2240 coacto
437 2181 636 2241 incurvatione
659 2181 808 2241 materiae.
840 2190 901 2240 tres
922 2181 949 2239 ei
966 2196 1109 2256 gemmae,

72 2271 192 2324 bossuon
212 2263 348 2341 amplius,
371 2264 510 2342 deputato
534 2266 689 2343 supersint.
728 2283 765 2323 ex
788 2264 833 2323 bis
853 2264 951 2322 emissi
976 2260 1111 2341 palmites

115 2362 255 2423 proxumo
268 2364 342 2406 anno
353 2349 416 2406 imis
428 2348 597 2424 ingerantur
611 2348 747 2422 scamnis,
759 2364 794 2407 ac
810 2365 864 2425 per
875 2347 1005 2423 singulos
1019 2362 1111 2405 annos
1120 2367 1148 2407 aa

114 2429 149 2489 ad
165 2433 317 2507 superiora
333 2430 482 2505 scandant,
499 2431 603 2490 relicto
619 2448 737 2509 semper
751 2429 918 2490 duramento
939 2432 968 2489 in
989 2429 1110 2505 singulis

112 2513 248 2572 tabulatis
271 2523 299 2572 et
321 2515 471 2573 emissario
493 2531 549 2573 uno
573 2515 621 2591 qui
642 2514 746 2573 subeat
766 2530 859 2590 usque
882 2530 938 2591 quc
957 2513 1109 2592 placuerit.

114 2595 151 2655 dc
167 2605 268 2655 cetero
284 2599 431 2674 putatione
448 2599 525 2656 omni
540 2596 657 2673 flagella
675 2614 749 2675 quae
768 2614 908 2674 proxume
923 2596 1049 2656 tulerunt
1063 2613 1109 2654 re·

114 2679 259 2754 cidantur,
283 2696 357 2738 nova
381 2681 558 2740 circumcisis
577 2680 705 2759 undique
726 2680 873 2758 capreolis
896 2688 1068 2758 spargantur
1082 2681 1110 2737 in

113 2759 257 2820 tabulatis.
283 2761 448 2822 Vernacula
463 2764 573 2841 putatio
589 2763 711 2822 deiectis
728 2780 782 2840 per
796 2779 892 2822 ramos
908 2764 1005 2821 vitium
1024 2762 1108 2821 crini·
1119 2779 1146 2820 ao

111 2843 166 2902 bus
188 2846 384 2905 circumvestit
405 2845 539 2904 arborem
561 2847 706 2924 crinisque
729 2846 810 2923 ipsos
835 2846 915 2921 uvis,
944 2845 1054 2906 Gallica
1082 2845 1110 2903 in

112 2926 246 2988 traduces
263 2930 434 3006 porrigitur,
457 2928 600 2987 Aemiliae
616 2929 682 2988 viae
702 2931 729 2987 in
746 2929 852 2989 ridicas
866 2930 1013 2988 atiniarum
1032 2928 1110 2987 amb·

70 3011 189 3085 209itu,
210 3011 341 3072 frondem
362 3029 459 3071 earum
478 3011 604 3088 fugiens.
638 3012 695 3090 [adl
716 3011 770 3072 Est
785 3014 963 3090 quorundam
977 3013 1110 3090 inperitia

113 3092 166 3152 sub
182 3111 261 3152 ramo
277 3097 364 3154 vitem
379 3095 495 3154 vinculo
511 3095 717 3173 suspendendi,
733 3097 894 3156 suffocante
906 3096 1016 3154 iniuria.
1041 3111 1109 3153 con·

112 3176 197 3234 tineri
214 3176 303 3236 debet
317 3179 438 3254 vimine,
460 3195 517 3237 nou
533 3179 629 3238 artari.
649 3211 691 3223 -
711 3181 779 3258 quin
796 3181 881 3238 immo
898 3181 983 3238 etiam
1004 3176 1147 3256 quibusoe

113 3258 220 3320 salices
235 3269 389 3336 supersunt
403 3260 537 3321 molliore
553 3262 610 3321 boc
627 3263 742 3324 vinculo
764 3263 863 3323 iacere
882 3263 990 3321 malunt
1005 3259 1110 3320 berba-

114 3360 170 3421 quc
192 3343 282 3404 Siculi
303 3362 387 3423 quam
406 3355 513 3405 vocant
533 3345 784 3425 ampelodesmon,
810 3344 932 3406 Graecia
954 3361 1026 3404 vero
1049 3345 1110 3403 uni-

113 3443 200 3487 versa
220 3429 322 3504 iunco,
340 3444 467 3507 cypero,
489 3429 567 3488 ulva.
582 3462 626 3475 -
642 3429 763 3490 liberata
783 3445 900 3508 quoque
922 3428 1040 3489 vinculo
1055 3445 1112 3507 per
