2422 3840
342 219 423 266 unu.
438 219 529 266 mss.
544 219 631 267 xxu.
647 216 690 269 21.
709 207 862 285 (ao-30.)
1043 206 1104 268 277

96 373 158 434 sale
173 373 249 433 tollit
269 392 355 433 sucus
371 392 388 433 e
403 373 490 447 folio,
511 372 586 432 unde
602 375 693 432 nostri
708 375 905 434 verrucariam
923 374 1040 434 herbam
1054 392 1104 451 ap-

95 457 247 537 pellavere
262 458 325 518 aliis
344 458 540 535 cognominari
562 457 715 516 effectibus
731 459 901 534 digniorem.
935 476 1056 535 namque
1075 467 1105 517 et

95 540 279 619 serpentibus
296 551 325 602 ct
339 538 543 619 scorpionibus
564 541 673 599 resistit
689 559 726 599 ex
747 543 814 601 vino
836 551 885 601 aut
905 560 978 620 aqua
1001 542 1103 617 mulsa,

94 634 125 685 ut
140 625 363 704 Apollophanes
381 634 409 685 et
425 623 624 702 Apollodorus
647 624 771 683 tradunt.
801 624 871 684 folia
890 627 1036 685 infantium
1054 627 1103 685 de·

72 709 316 784 recitationibus,
345 708 422 787 quod
443 709 564 767 siriasim
584 717 707 782 vocant,
736 709 816 767 inlita
841 709 1008 783 medentur,
1036 710 1103 768 item

97 792 357 869 contractionibus,
375 793 459 852 etiam
471 793 495 850 si
507 792 535 851 id
549 790 732 851 comitialiter
744 793 865 852 accidat.
895 792 1020 850 decocto
1033 808 1104 867 quo·

97 895 152 955 que
174 877 268 937 foveri
290 894 324 936 os
346 876 565 937 saluberrimum
589 883 643 934 est.
680 884 777 952 potum
799 874 827 935 id
844 874 928 952 pellit
950 876 1060 933 taenias
1077 883 1106 933 et

95 961 206 1021 renium
219 959 354 1019 barenas.
385 961 409 1019 si
426 961 566 1020 cuminum
580 958 737 1037 adiciatur,
757 959 887 1020 calculos
903 959 1020 1034 frangit.
1055 958 1102 1018 de·

96 1045 182 1121 coqui
196 1060 259 1102 cunr
273 1043 373 1104 radice
389 1052 522 1121 oportet,
539 1061 614 1122 quae
631 1043 782 1121 cumioliis
796 1052 825 1103 et
840 1042 951 1103 hircino
967 1041 1040 1101 sebo
1054 1059 1104 1119 po·

60 1145 86 1187 1o
96 1128 194 1204 dagris
210 1126 343 1186 inlinitur.
374 1127 505 1186 Alterum
517 1145 611 1202 genus
628 1126 705 1204 quod
719 1129 877 1187 tricoccum
893 1126 1150 1204 appellavimnsdo

96 1219 126 1271 et
146 1211 202 1271 alio
225 1213 340 1270 nominc
359 1212 531 1288 scorpiuron
552 1219 689 1284 vocatur,
711 1211 789 1270 ioliis
807 1228 864 1270 uou
880 1211 974 1270 solum
990 1210 1105 1268 minori·

95 1295 149 1354 bus
169 1294 221 1353 sed
245 1296 330 1354 etiam
352 1294 379 1352 in
401 1303 506 1354 terram
532 1293 730 1370 vergentibus.
766 1312 866 1353 semen
888 1297 914 1353 ei
941 1304 986 1353 est
1007 1293 1105 1369 effigie

96 1377 260 1454 scorp-ionis
280 1375 405 1452 caudae,
427 1395 517 1455 quare
539 1393 653 1436 nomen.
685 1378 729 1434 vis
752 1377 788 1437 ad
804 1377 897 1436 omnia
919 1385 1062 1436 venenata
1077 1386 1106 1435 et

96 1461 266 1540 phalangia,
279 1460 336 1519 sed
349 1470 449 1520 contra
459 1462 632 1538 scorpiones
645 1461 805 1538 praecipue
817 1460 906 1519 inlita.
929 1478 986 1519 non
998 1459 1105 1518 leriun·

62 1553 142 1604 mtur
163 1543 320 1620 habentes,
344 1553 373 1604 et
392 1546 416 1605 si
436 1555 543 1604 terram
564 1544 681 1603 surculo
704 1544 862 1622 heliotropi
886 1542 1107 1602 circumscribat

95 1629 214 1706 aliquis,
235 1638 341 1705 negant
360 1630 544 1707 scorpionem
565 1628 684 1704 egredi,
711 1628 834 1706 inposita
852 1644 924 1687 vero
948 1627 1039 1686 herba
1059 1634 1107 1685 aut

94 1712 150 1771 uda
167 1712 282 1772 omnino
297 1728 464 1790 respersum
480 1713 611 1789 protinus
626 1713 707 1772 mori.
730 1713 847 1771 seminis
865 1729 954 1788 grana
971 1718 1106 1790 quattuor

95 1805 163 1873 pota
180 1797 325 1873 quartanis
349 1794 491 1874 prodesse
512 1796 658 1874 dicuntur,
680 1797 734 1856 tria
755 1812 827 1855 vero
843 1795 989 1870 tertianis,
1013 1793 1060 1853 vel
1082 1793 1105 1850 si

96 1878 187 1939 herba
201 1881 264 1957 ipsa
279 1879 502 1939 ter·circumlata
519 1879 676 1939 subiciatur
689 1881 786 1959 capiti.
816 1898 915 1939 semen
928 1889 957 1939 et
968 1881 1148 1937 veneremiil

60 1989 86 2030 20
97 1963 231 2040 stimulat,
247 1981 312 2022 curn
328 1964 415 2024 melle
430 1981 520 2041 panos
533 1964 657 2024 discutit.
678 1982 818 2024 verrucas
829 1964 885 2024 boc
899 1964 998 2042 utique
1014 1961 1105 2022 helio·

73 2051 76 2056 '
96 2046 220 2124 tropium
237 2046 376 2106 radicitus
397 2047 522 2107 extrahit
538 2056 567 2106 et
583 2049 785 2109 excrescentia
803 2048 973 2108 insedibus.
1004 2047 1105 2123 spinae

96 2145 212 2208 quoque
231 2146 265 2187 ac
281 2128 441 2189 lumborum
458 2131 628 2204 sanguinem
645 2141 810 2208 corruptum
827 2132 913 2191 trahit
932 2130 1041 2189 inlitum
1059 2146 1105 2187 se·

96 2220 207 2271 menet
228 2219 344 2289 potum,
366 2214 395 2271 in
413 2213 474 2270 iure
495 2212 651 2288 gallinacei
674 2212 826 2273 decoctum
848 2223 896 2274 aut
913 2232 975 2273 cum
992 2213 1059 2271 beta
1076 2220 1107 2270 et

96 2297 183 2355 lente.
215 2303 318 2354 cortex
333 2295 450 2354 seminis
465 2293 619 2354 liventibus
638 2296 767 2356 colorem
782 2297 885 2358 reddit.
919 2295 996 2371 llagi
1012 2294 1105 2354 belio-

60 2380 220 2456 actropium
239 2380 386 2457 quartanis
402 2386 520 2456 quater,
545 2381 572 2438 in
594 2382 723 2441 tertianis
744 2390 789 2440 ter
810 2381 931 2458 adligari
954 2379 1053 2438 iubent
1069 2376 1105 2436 ab
1141 2403 1155 2418 ·‹

95 2465 160 2541 ipso
176 2479 268 2540 aegro
286 2463 461 2541 precarique
481 2480 544 2522 eum
562 2465 721 2524 soluturum
737 2482 770 2524 se
790 2464 884 2524 nodos
908 2463 1060 2522 liberatum
1078 2469 1107 2520 et

95 2546 195 2605 iacere
211 2562 268 2604 non
285 2554 419 2623 exempta
436 2546 536 2606 herba.

157 2628 241 2705 (30.)
264 2627 351 2688 Aliud
367 2629 481 2688 adianto
497 2630 680 2690 miraculum:
698 2638 810 2690 aestate
824 2631 915 2704 viret,
934 2629 1033 2688 bruma
1048 2634 1148 2688 noubh

95 2713 267 2786 marcescit,
291 2729 382 2790 aquas
402 2715 529 2791 respuit,
552 2713 701 2791 perfusum
722 2731 886 2773 mersumve
909 2714 989 2772 sicco
1012 2713 1104 2772 similc

59 2815 86 2858 eo
96 2804 157 2870 est,
173 2827 216 2838 —
235 2803 313 2854 tanta
331 2795 501 2856 dissociatio
517 2797 759 2874 deprehenditur,
776 2829 818 2840 —
830 2797 905 2857 unde
923 2805 952 2855 et
966 2814 1070 2855 nornen
1089 2813 1105 2854 a

96 2877 216 2939 Graecis
228 2877 336 2955 alioqui
350 2878 446 2938 frutici
459 2881 595 2957 topiario.
613 2881 727 2956 quidam
741 2873 923 2940 callitrichon
932 2887 1048 2954 vocant,
1057 2877 1105 2936 alii

94 2961 297 3041 polytricbou,
322 2970 474 3041 utrumque
492 2964 527 3022 ab
550 2964 666 3023 ellectu.
700 2965 802 3040 tinguit
823 2965 897 3022 enirn
919 2962 1053 3040 capillum
1076 2970 1106 3020 et

94 3047 131 3107 ad
152 3046 208 3106 boc
230 3045 404 3124 decoquitur
424 3048 452 3105 iu
468 3048 535 3106 vino
552 3065 614 3106 cum
633 3049 743 3107 semine
761 3048 807 3124 api
830 3047 944 3106 adiecto
963 3045 1031 3105 oleo
1055 3062 1103 3104 co·

94 3131 195 3209 piosc,
213 3138 243 3189 ut
257 3130 384 3208 crispum
399 3131 576 3208 densumque
591 3130 694 3205 iaciat,
712 3139 740 3190 et
754 3129 885 3190 dellucre
897 3139 991 3189 autem
1007 3128 1102 3206 probi-

59 3214 156 3275 acbet.
193 3213 259 3273 Duo
276 3214 339 3273 eius
360 3232 486 3291 genera:
509 3214 655 3275 candidius
679 3224 708 3275 et
726 3216 836 3290 nigrum
860 3214 1047 3292 breviusque.
1078 3213 1104 3274 id
1114 3218 1148 3273 63

96 3298 173 3375 quod
187 3299 278 3359 maius
295 3306 354 3373 est,
372 3298 573 3375 polytricbom
592 3298 679 3375 aliqui
695 3298 890 3359 trichomanes
905 3305 1019 3357 vocant.
1036 3298 1104 3356 utri·

96 3398 154 3458 que
170 3381 270 3441 ramuli
285 3383 369 3458 nigro
386 3382 487 3441 colore
504 3384 610 3457 nitent,
631 3383 711 3442 foliis
727 3382 839 3457 felicis,
861 3401 898 3440 ex
914 3380 1017 3459 quibus
1032 3381 1104 3439 inie-

94 3464 173 3523 riora
189 3481 294 3548 aspera
311 3483 346 3525 ac
367 3466 546 3543 luscasunt,
564 3467 658 3525 omnia
676 3475 774 3527 autem
786 3467 948 3526 contrarius
963 3463 1124 3536 qehxcxax‘xs
1185 3507 1188 3511 .
