2422 3840
288 195 368 242 nur.
383 193 473 242 mor.
486 193 556 239 xvr.
576 189 660 242 1-5-
675 179 793 257 (a-o.)
1035 181 1054 241 5

65 350 258 411 tronuntiatur.
292 348 358 409 inde
378 355 472 408 natum
488 355 518 405 ut
540 347 625 406 etiam
647 344 860 424 triumphaturis
885 345 1054 406 oonierren·

64 453 97 495 ur
114 435 142 492 in
158 431 273 511 templis
290 431 448 507 dicandae,
471 445 539 489 mox
560 438 591 489 ut
613 439 642 490 et
661 429 736 490 ludis
752 429 898 490 darentur.
937 430 1055 507 longum

65 527 98 578 est
116 535 172 576 neo
187 516 305 576 instituti
328 516 428 594 operis
449 509 596 573 disserere
618 514 683 592 quis
701 530 844 590 quamque
861 512 1055 575 Romanorum

65 602 160 662 rrimus
179 601 336 678 acceperit.
370 616 466 678 neque
484 599 558 657 enim
574 598 646 658 alias
661 605 802 656 noverant
816 613 901 674 quam
917 596 1052 671 bellicas,

65 684 131 764 [uod
147 692 256 744 certum
273 691 327 742 est.
361 684 408 742 uni
425 681 552 759 gentium
568 680 633 742 huio
650 681 734 760 plura
757 688 823 739 sunt
845 697 955 755 genera
970 698 1054 758 quarn

65 771 174 829 tumetis.

115 854 180 931 (5.)
232 850 371 911 Romulus
400 849 522 911 frondea
549 849 701 911 coronavit
730 846 852 907 Hostum
882 845 1045 920 Hostilium,
1063 857 1096 909 ll

65 937 130 1016 [uod
144 935 282 996 Fidenam
298 935 406 1013 primus
418 935 584 1013 inrupisset.
612 949 684 994 avos
700 930 747 991 hio
763 930 839 991 Tulli
854 929 959 991 Hostili
974 930 1054 1006 regis

65 1023 112 1080 uit.
157 1020 188 1080 P.
209 1018 331 1079 Decium
358 1027 470 1098 patrem
489 1016 632 1078 tribunum
653 1016 773 1076 militum
794 1014 916 1075 frondea
938 1012 1055 1073 donavit

65 1105 200 1164 txeroitus
224 1102 260 1164 ab
285 1119 321 1162 eo
347 1111 479 1162 serratus
501 1103 677 1180 imperatore
700 1096 838 1160 Cornelio
865 1095 960 1158 (losso
986 1113 1053 1156 oon-

66 1188 116 1248 ule
132 1187 298 1247 Samnitium
313 1185 404 1246 hello.
434 1184 533 1246 Civica
547 1185 635 1263 iligna
651 1185 744 1263 primo
761 1184 824 1258 luit,
844 1191 949 1260 postea
962 1182 1053 1258 magis

65 1271 159 1336 »lacuit
174 1288 211 1330 err
225 1270 345 1331 aesoulo
360 1269 423 1330 lovi
439 1287 533 1344 saara,
548 1270 746 1346 variatumque
760 1275 789 1326 et
802 1285 866 1326 oum
878 1283 989 1346 queron
1009 1273 1055 1324 est

65 1372 87 1414 o
102 1353 166 1414 data
182 1354 290 1433 ubique
307 1372 381 1433 qnae
396 1353 490 1413 luerat
507 1352 651 1413 custodito
667 1360 775 1412 tantum
795 1350 908 1411 honore
927 1348 1052 1427 glandis.

65 1437 176 1498 ldditae
187 1437 272 1515 leges
286 1446 366 1498 artae
384 1445 412 1496 et
426 1437 493 1496 ideo
507 1436 653 1514 superbae
666 1452 796 1514 quasque
809 1435 946 1494 oonierre
961 1432 1052 1493 libeat
1063 1441 1096 1493 12

65 1538 117 1580 mm
136 1521 187 1581 illa
203 1519 381 1581 Graecorum
398 1536 505 1578 summa
521 1536 595 1597 quae
612 1518 664 1577 suh
680 1521 745 1595 ipso
762 1517 833 1577 love
849 1517 933 1576 datur
948 1516 1053 1595 auique

65 1621 149 1664 uuros
164 1604 256 1682 patria
272 1602 403 1680 gaudens
418 1603 540 1679 mmpit:
573 1603 665 1660 civem
681 1618 817 1675 servare,
843 1601 957 1663 hostem
973 1602 1053 1661 ooni-

65 1688 140 1760 lere,
166 1694 197 1745 ut
223 1704 259 1744 ne
285 1704 350 1745 eum
369 1685 465 1745 looum
480 1686 508 1743 in
522 1702 579 1763 quo
597 1686 633 1743 sit
649 1694 743 1745 aetum
758 1684 852 1746 hostis
869 1685 1000 1763 optineat
1016 1701 1053 1744 eo

65 1770 110 1844 lie,
119 1777 150 1828 ut
159 1777 290 1829 seruatus
301 1768 425 1829 fateatur
435 1802 477 1811 —
492 1769 563 1829 alias
576 1777 668 1828 testes
682 1769 753 1830 nihil
769 1778 889 1848 prosunt
904 1802 955 1843 -‚
969 1777 1000 1827 ut
1012 1769 1052 1826 oi·

65 1853 95 1911 is
111 1852 208 1912 luerit.
240 1852 345 1911 auxilia
361 1853 571 1930 quamvisrege
581 1853 797 1913 servatodeous
812 1871 869 1914 non
884 1853 968 1928 dant,
994 1869 1050 1910 neo
1063 1859 1097 1914 13

65 1936 160 1995 rresoit
175 1934 268 1995 honos
284 1935 361 1995 idern
375 1937 551 2012 imperatore
569 1946 754 2013 conservato,
770 1939 904 2016 quoniam
922 1935 1052 1996 eondito-

66 2036 99 2078 es
115 2019 143 2077 in
159 2034 341 2098 quocumque
353 2019 447 2078 civem
457 2037 594 2078 summum
607 2037 676 2079 esse
689 2020 820 2081 voluere.
847 2028 972 2098 aooepta
984 2018 1054 2078 licet

65 2102 92 2161 uti
106 2111 261 2180 perpetuo.
304 2101 388 2160 ludos
404 2103 512 2161 ineunti
528 2120 645 2181 semper
660 2104 778 2182 adsurgi
794 2106 880 2165 etiam
896 2103 932 2162 ah
951 2111 1053 2162 senatu

65 2204 79 2244 n
95 2201 177 2244 more
193 2193 247 2242 ost.
278 2182 399 2242 sedendi
417 2185 461 2243 ius
478 2186 506 2243 in
521 2202 663 2264 proxumo
678 2189 799 2246 senatui.
827 2188 942 2247 vacatio
954 2204 1053 2245 mune·

67 2285 112 2327 um
125 2268 248 2326 omnium
264 2265 320 2344 ipsi
335 2268 468 2344 patrique
482 2276 510 2326 et
523 2286 578 2328 avo
591 2277 722 2346 paterno.
750 2268 987 2341 Quattuordeoim
1004 2287 1054 2329 eas
1062 2277 1096 2330 14

65 2351 166 2428 *coepit
200 2349 313 2410 Siooins
344 2349 502 2427 Dentatus,
533 2361 564 2411 ut
589 2352 739 2411 retulimus
768 2369 820 2411 suo
843 2353 929 2426 loeo,
962 2370 1016 2411 serr
1039 2376 1096 2418 aros

65 2432 249 2512 lapitolinus,
277 2435 302 2494 is
318 2434 434 2512 quidem
458 2444 487 2495 et
504 2435 540 2496 de
564 2435 639 2495 duoe
663 2435 798 2495 Servilio.
844 2434 999 2495 Africanus
1015 2436 1052 2495 de

65 2525 131 2577 »atre
147 2518 284 2596 aooipere
300 2518 392 2579 noluit
406 2518 480 2597 apud
497 2517 642 2579 Trebiam.
685 2536 703 2579 o
722 2535 820 2578 mores
843 2528 981 2579 aeternos
1004 2518 1053 2596 qui

65 2608 127 2660 anta
142 2617 234 2677 opera
248 2600 358 2662 honore
375 2603 441 2663 solo
458 2601 628 2662 donaverint
645 2610 685 2678 et,
703 2620 766 2661 oum
780 2603 910 2682 reliquas
926 2620 1052 2663 coronas

67 2700 120 2742 uro
138 2683 388 2765 commendarent,
412 2684 535 2745 salutem
556 2685 628 2745 civis
650 2685 678 2744 in
700 2687 794 2764 pretio
811 2704 878 2747 esse
894 2687 1050 2762 noluerint,

65 2768 130 2828 lare
147 2765 284 2889 'professi
309 2784 347 2826 ne
372 2770 483 2827 servari
509 2769 624 2848 quidem
649 2768 792 2829 hominem
817 2769 861 2831 ias
889 2788 957 2830 esse
978 2770 1051 2830 lueri

67 2868 151 2911 ausa.

111 2936 139 2993 5.
171 2932 236 3011 (6.)
282 2929 391 2991 Glande
413 2948 488 3012 opes
516 2953 590 2995 nuno
611 2953 729 3015 quoque
750 2937 901 2997 multarum
922 2936 1050 3013 gentium
1059 2945 1093 3000 15

65 3016 134 3076 tiam
149 3033 225 3095 paee
243 3015 428 3092 gaudentium
442 3027 583 3079 constant.
624 3037 680 3080 neo
693 3038 751 3081 non
767 3029 796 3080 et
815 3021 914 3098 inopia
934 3020 1048 3096 frugum

65 3099 183 3158 ¹reluotis
197 3098 316 3158 molitur
330 3098 423 3158 farina
438 3101 638 3181 spissaturque
657 3106 686 3163 in
702 3106 784 3182 panis
799 3122 890 3163 usum.
930 3105 998 3183 quin
1020 3112 1049 3163 et

65 3180 194 3259 rodieque
211 3200 268 3261 per
282 3181 434 3260 Hispanias
446 3184 579 3245 secundis
595 3189 703 3246 mensis
718 3189 803 3265 glans
818 3189 963 3248 inseritur.
987 3187 1048 3247 dul·

66 3264 112 3323 ior
129 3265 231 3326 eadem
245 3267 275 3324 in
291 3267 390 3326 oiuere
403 3274 488 3326 tosta.
529 3278 642 3329 nautum
667 3280 712 3331 est
736 3282 891 3351 praeterea
909 3272 977 3349 lege
994 3268 1050 3329 xil

65 3346 208 3408 nbularum
223 3358 255 3409 ut
271 3349 406 3426 glandem
422 3351 450 3409 in
466 3350 590 3412 alienum
604 3353 721 3415 lundum
733 3356 932 3434 procidentem
943 3355 1049 3413 liceret

65 3430 203 3509 elligere.
223 3431 337 3493 Genera
354 3451 451 3494 earnm
465 3435 562 3496 multa.
591 3437 695 3498 distant
706 3439 810 3515 fructu,
823 3441 889 3514 situ,
902 3455 984 3513 sexu,
1003 3452 1047 3494 sa·
1058 3444 1091 3499 16
