2422 3840
301 191 382 238 usu.
399 191 489 238 11111.
505 191 577 237 xxr.
593 187 711 242 19—20.
731 178 882 256 (ts-an.)
1037 178 1097 239 257

97 362 226 406 somnum
241 346 343 420 gignit.
374 343 501 403 radicem
517 343 668 402 decoctam
683 342 784 402 bibere
800 343 952 420 spasticis,
973 347 1096 421 eversis,

97 428 257 503 convolsis,
277 428 443 505 suspiriosis
459 426 585 487 salutare
601 434 654 484 est.
678 427 705 484 in
720 427 791 485 tussi
811 436 912 485 vetere
928 428 998 487 rami
1015 429 1140 493 0101133

96 521 156 571 tres
174 520 343 589 quattuorve
359 510 537 570 decocuntur
552 508 588 569 ad
604 510 703 568 tertias
721 511 820 587 partis.
852 510 925 569 haec
941 514 1022 589 potio
1037 530 1096 570 mu-

95 595 184 655 lieres
201 613 239 654 ex
255 593 356 654 abortu
372 601 485 671 purgat.
519 592 638 651 laterum
655 594 826 671 punctiones
841 591 917 652 tollit
932 603 960 653 et
978 597 1096 655 vesicae

73 677 236 740 rcalculos.
282 676 406 736 tunditur
429 695 493 736 cum
517 674 579 735 lilio
606 675 635 733 iu
658 674 843 752 diapasmata.
874 675 1004 736 vestibus
1027 678 1096 738 odo-

94 763 136 821 ris
152 763 245 838 gratia
261 761 406 819 inseritur.
442 757 626 819 combretum
643 756 720 834 quod
742 758 833 816 simile
856 760 883 817 ei
904 758 1025 818 diximus
1047 764 1128 820 tri-³0

94 854 153 904 tum
169 862 233 903 cum
247 844 372 918 axungia
387 842 509 902 volnera
526 843 597 900 mire
613 849 703 899 sanat.

159 925 242 1004 (78.)
263 927 387 985 Asarnm
404 927 563 985 iocinerum
578 925 654 983 vitiis
671 924 796 983 salutare
811 941 877 983 esse
892 925 1012 985 traditur
1027 937 1141 990 01-134

96 1011 140 1070 cia
161 1018 272 1087 sumpta
300 1011 329 1068 in
352 1009 465 1068 hemina
487 1009 571 1067 mulsi
598 1009 687 1066 mixti.
726 1007 822 1067 alvom
846 1017 950 1085 purgat
972 1008 1097 1068 ellebori

61 1093 192 1168 uomodo,
216 1093 385 1169 hydropicis
399 1092 521 1172 prodest
538 1101 567 1151 et
581 1091 761 1169 praecordiis
776 1089 928 1169 vulvisque
944 1110 978 1151 ac
995 1092 1097 1152 morbo

94 1179 189 1252 regio.
223 1177 252 1234 in
265 1184 391 1234 mustum
403 1177 427 1234 si
445 1175 581 1250 addatur,
599 1175 668 1234 lacit
687 1178 782 1234 vinum
797 1175 886 1233 urinis
905 1175 1025 1235 ciendis.
1055 1177 1096 1236 el·

94 1259 201 1319 foditur
219 1276 283 1318 cum
305 1258 376 1319 lolia
394 1261 511 1333 emittit,
535 1259 660 1316 siccatur
677 1267 706 1317 et
723 1256 855 1317 conditur
874 1260 903 1316 in
925 1258 1033 1319 umbra.
1058 1261 1096 1319 si-

93 1351 152 1401 tnm
167 1342 320 1400 celerrime
338 1343 433 1401 sentit.

157 1423 207 1482 20.
231 1423 314 1501 (79.)
335 1424 372 1483 Et
385 1426 517 1501 qnoniam
533 1422 662 1501 quidam,
684 1431 714 1481 ut
735 1422 871 1500 diximus,
893 1424 1010 1484 nardum
1029 1437 1139 1490 ru·135

60 1527 85 1566 11
97 1509 199 1566 sticum
214 1508 398 1567 nominavere
417 1508 544 1567 radicem
563 1505 712 1582 baccaris,
736 1514 924 1565 contexemus
944 1517 973 1566 et
994 1507 1097 1570 Gallici
1105 1510 1129 1544 ²⁹

94 1589 175 1650 nardi
190 1590 317 1649 remedia
331 1593 359 1649 in
374 1590 449 1650 hunc
463 1591 558 1650 locum
572 1589 659 1649 dilata
676 1590 703 1648 iu
721 1591 885 1666 peregrinis
900 1589 1063 1651 arboribus.
1077 1609 1139 1652 1141

95 1691 167 1750 ergo
189 1673 328 1733 adversus
350 1676 496 1752 serpentis
520 1672 630 1733 duabus
645 1672 787 1733 drachmis
809 1674 838 1732 in
854 1674 921 1732 vino
942 1675 1095 1750 succurrit,

93 1756 287 1817 inflationibus
303 1757 361 1817 coli
382 1757 485 1817 velex
504 1775 576 1835 aqua
600 1756 647 1816 vel
664 1775 702 1815 ex
718 1757 806 1831 vino,
828 1759 896 1816 item
913 1759 1051 1817 iocineris
1068 1767 1097 1817 et

93 1841 202 1900 renium
223 1840 409 1921 sublusisque
426 1840 515 1916 felle,
536 1850 565 1900 et
587 1840 754 1919 hydropicis
780 1857 834 1917 per
850 1858 882 1900 se
898 1842 948 1901 vel
968 1860 1031 1902 cum
1046 1841 1096 1900 ab·

60 1941 85 1985 10
94 1924 208 1984 sintbio.
241 1926 315 1985 sistit
329 1927 530 2003 purgationum
544 1923 694 1984 mulierum
710 1926 843 2002 impetus.

158 2006 242 2085 (80.)
264 2008 335 2068 Eius
355 2026 428 2068 vero
448 2008 525 2087 quod
547 2009 624 2086 phun
645 2008 749 2067 eodem
770 2008 838 2075 loco
865 2007 1075 2086 appellavimus
1089 2017 1139 2072 136

93 2090 176 2150 radin
202 2090 284 2149 datur
314 2097 393 2169 potui
422 2094 487 2150 trita
513 2092 562 2151 vel
589 2091 712 2151 decocta
738 2091 774 2151 ad
800 2091 1013 2167 strangulatus,
1047 2091 1095 2151 vel

93 2173 223 2251 pectoris
247 2172 366 2233 dolores
385 2173 433 2232 vel
451 2174 572 2232 laterum
594 2189 720 2250 quoque.
751 2191 866 2233 menses
887 2177 954 2234 ciet.
990 2174 1097 2235 bibitur

93 2273 157 2316 curn
173 2272 251 2316 vrno.

58 2326 104 2404 rc'
155 2337 239 2417 (81.)
262 2337 386 2402 Crocum
406 2338 501 2397 melle
527 2354 586 2397 non
607 2337 731 2397 solvitur
757 2338 895 2417 nulloque
920 2338 1138 2416 110101,11-137

95 2423 201 2485 cillime
219 2431 312 2482 autem
327 2425 394 2483 vino
412 2431 460 2482 aut
474 2440 558 2501 aqua.
580 2421 758 2481 utilissimum
779 2423 807 2480 in
823 2421 975 2483 medicina.
998 2422 1096 2482 adser-

95 2515 178 2564 vatur
193 2522 301 2565 cornea
318 2504 435 2583 pyxide.
469 2505 584 2566 discutit
605 2504 841 2565 inflammationes
860 2508 952 2565 omnis
970 2505 1095 2584 quidem,

94 2586 147 2646 sed
176 2587 324 2647 oculorum
355 2605 503 2662 maxume,
541 2604 652 2647 exovo
683 2590 766 2647 intus.
799 2586 948 2648 volvarum
980 2606 1095 2666 quoque

94 2668 304 2747 strangulatus,
328 2671 467 2730 stomachi
490 2671 740 2746 exulcerationes,
766 2673 896 2748 pectoris
922 2682 952 2732 et
972 2673 1094 2748 renium,

58 2771 85 2815 ac
94 2752 270 2829 iocinerum,
293 2754 457 2832 pulmonum
474 2755 711 2831 vesicarumque,
734 2754 921 2831 peculiariter
941 2755 1095 2816 1111111111-

94 2836 164 2895 tioni
181 2852 278 2895 earum
289 2838 483 2904 vehementer
497 2838 583 2914 utile,
604 2838 671 2896 itcm
687 2839 759 2896 tussi
776 2847 805 2896 et
819 2839 990 2916 pleuriticis.
1020 2838 1074 2897 tol·
1086 2848 1137 2903 138

92 2919 170 2978 litet
189 2921 332 2998 pruritus,
355 2922 451 2981 urinas
476 2923 542 2982 ciet.
577 2922 625 2999 qui
647 2938 765 2981 crocum
785 2924 864 2999 prius
889 2922 1013 2981 biberint
1034 2938 1095 2980 cra·

94 3003 190 3081 pulam
204 3019 261 3061 nou
288 3005 428 3079 sentient,
453 3004 586 3065 ebrietati
607 3006 754 3064 resistent.
783 3022 910 3065 coronae
926 3003 1042 3083 quoqne
1058 3023 1096 3064 ex

94 3103 131 3145 eo
147 3084 273 3146 mulcent
289 3087 467 3148 ebrietatem.
501 3106 630 3149 somnum
647 3089 732 3164 facit,
756 3098 843 3168 capnt
862 3089 965 3149 leniter
985 3097 1093 3162 movet,

58 3184 84 3228 11
92 3187 230 3229 venerem
244 3172 379 3232 stimulat.
405 3172 459 3232 ilos
478 3174 539 3232 eius
556 3173 615 3248 igni
630 3190 715 3232 sacro
730 3173 856 3232 inlinitur
871 3190 934 3232 cum
949 3182 1029 3233 creta
1048 3169 1094 3231 (li-

92 3254 188 3312 molia.
222 3255 315 3332 ipsum
329 3257 467 3334 plurumis
480 3256 716 3316 medicaminibus
731 3259 879 3317 miscetur.

155 3335 239 3415 (82.)
262 3338 394 3414 collyrio
409 3341 455 3398 uni
471 3340 555 3399 etiam
571 3356 676 3399 nomen
692 3340 779 3400 dedit.
806 3342 874 3402 laex
891 3357 1007 3420 quoque
1024 3356 1072 3398 ex·
1086 3346 1136 3402 139

94 3420 189 3494 pressi
203 3431 350 3498 unguento
373 3424 491 3482 crocino
513 3423 591 3502 quod
614 3441 815 3501 crocomagma
837 3425 985 3504 appellant
1005 3422 1093 3483 habet

142 3521 211 3562 11111.
227 3524 289 3564 uxr.
305 3526 373 3565 ursr.
389 3511 434 3565 111.
898 3509 939 3561 Ἦ
