2422 3840
301 214 380 264 usu.
394 214 486 263 msu.
503 215 600 279 svm.
614 213 735 268 nst—su.
754 203 902 288 (os—ta)
1039 207 1099 270 143

69 389 71 393 ·
101 369 170 428 bent
185 370 213 427 in
228 367 371 445 arbustis,
391 377 422 427 ut
437 367 604 428 carbunculi
617 386 674 429 non
689 380 823 430 noceant.
857 372 905 431 alli
920 372 1001 431 siluri
1017 392 1079 434 car·
1090 385 1145 439 294

100 470 166 511 nem
181 451 287 511 leviter
302 453 345 510 uri
361 469 377 511 a
391 461 496 528 vento,
519 461 550 511 ut
566 471 621 531 per
635 461 723 513 totam
740 455 853 514 vineam
874 454 967 515 fumus
988 456 1100 536 disper·

100 544 192 612 gatur.
223 534 318 594 Varro
339 543 518 612 auctorest,
544 537 569 595 si
591 535 724 596 fidiculae
746 554 869 613 occasu,
898 539 976 616 quod
993 550 1039 600 est
1057 542 1099 600 in·

100 619 178 677 itium
192 618 331 693 autumni,
357 634 413 677 uva
435 620 513 695 picta
535 629 724 679 consecretur
744 622 819 679 iuter
839 622 922 695 vitis,
943 624 1034 681 minus
1047 642 1099 682 no·

78 715 172 761 scere
192 709 390 780 tempestates.
428 701 582 762 Archibius
613 703 649 762 ad
675 701 848 762 Antiochum
875 705 978 777 Syriae
999 724 1101 782 regem

100 785 233 863 scripsit,
262 785 286 844 si
302 785 384 844 lictili
409 802 486 844 novo
514 785 652 846 obruatur
676 786 778 846 rubeta
804 805 874 846 rana
895 789 923 845 iu
938 787 1030 847 media
1053 808 1099 849 se·

99 877 186 945 gete,
213 881 272 928 nou
290 885 358 928 esse
372 869 475 928 noxias
486 877 690 948 ¹tempestates.

163 952 246 1030 (71.)
267 949 364 1030 Opera
379 952 486 1012 rustica
502 952 585 1013 buius
600 953 760 1013 intervalli:
778 962 884 1013 terram
899 955 1016 1030 iterare,
1034 973 1077 1015 ar·
1089 966 1144 1020 295

99 1036 188 1095 bores
203 1034 431 1111 circumfodere,
455 1035 504 1095 ubi
518 1045 654 1096 aestuosa
669 1038 752 1114 regio
773 1045 893 1116 poscat,
916 1038 1099 1099 adcumulare

64 1145 139 1187 10—
150 1119 336 1197 germinantia
347 1121 401 1179 nisi
412 1120 440 1180 in
452 1120 517 1180 solo
530 1120 680 1180 luxurioso
695 1120 832 1182 fodienda
847 1138 905 1180 nou
919 1130 1042 1198 sunt—‚
1052 1141 1097 1182 se·

97 1203 214 1263 minaria
230 1220 356 1280 purgare
372 1204 504 1282 sarculo,
523 1222 649 1264 messem
663 1205 857 1265 hordeaceam
873 1204 983 1280 iacere,
1000 1223 1097 1265 aream

97 1288 126 1346 in
140 1305 265 1347 messem
282 1296 362 1347 creta
378 1305 573 1366 praeparare,
601 1286 720 1348 Catonis
736 1290 878 1348 sententia
895 1306 1009 1348 amurca
1024 1299 1096 1349 tem·

98 1379 244 1450 perstem,
266 1370 380 1447 Vergili
399 1372 563 1449 operosius.
593 1372 703 1431 maiore
725 1379 867 1449 exparte
890 1381 1015 1450 aequant
1036 1381 1096 1432 tan·

97 1462 156 1513 tum
170 1462 199 1512 et
214 1454 280 1513 hmo
292 1452 401 1512 bubulo
413 1454 547 1513 dilutiore
562 1453 693 1513 inlinunt.
725 1453 753 1512 id
768 1456 837 1513 satis
852 1453 887 1513 ad
903 1455 1033 1533 pulveris
1051 1474 1097 1514 re·

62 1561 88 1602 as
98 1536 221 1596 medium
236 1536 358 1596 videtur.

157 1617 208 1680 30.
231 1618 315 1696 (72.)
334 1617 438 1678 blessis
452 1618 543 1695 ipsius
560 1619 732 1680 rationario.
756 1618 910 1679 Galliarum
925 1618 1141 1684 latifundiissss

96 1701 167 1762 valli
182 1702 379 1780 praegrandes
393 1699 526 1762 dentibus
546 1702 574 1761 in
593 1703 724 1779 margine
740 1703 870 1776 infestis,
897 1702 1007 1762 duabus
1024 1705 1095 1763 rotis

97 1803 151 1864 per
173 1795 304 1863 segetem
324 1784 515 1863 inpelluntur,
539 1786 665 1846 iumento
687 1789 716 1846 iu
739 1787 912 1846 contrarium
927 1787 1034 1846 iuncto.
1058 1787 1096 1847 ita

97 1868 237 1947 dereptae
249 1869 278 1928 iu
290 1868 397 1930 vallum
409 1869 513 1929 cadunt
529 1871 639 1948 spicae.
667 1871 791 1950 stipulae
806 1868 874 1929 alibi
888 1869 1001 1929 mediae
1017 1870 1096 1930 falce

59 1953 300 2031 „praeciduntur
324 1961 410 2031 atque
435 1954 511 2012 inter
533 1955 604 2014 duas
627 1955 766 2031 mergites
792 1953 872 2031 spica
898 1953 1095 2031 destringitur.

97 2036 165 2097 alibi
189 2035 225 2096 ab
239 2037 339 2097 radice
359 2036 486 2112 vellunt,
514 2039 621 2115 quique
646 2039 675 2098 id
701 2038 809 2097 iaciunt
830 2037 977 2116 proscindi
998 2037 1034 2097 ab
1063 2055 1095 2096 se

97 2120 192 2179 obiter
211 2137 311 2196 agrum
338 2120 580 2197 interpretantur,
611 2138 674 2179 cum
690 2121 841 2180 extrahant
856 2139 964 2179 sucum.
993 2120 1139 2184 dide-ast

96 2204 188 2263 rentia
202 2203 290 2262 baec:
320 2201 370 2261 ubi
386 2201 492 2279 stipula
508 2202 610 2263 domos
625 2211 783 2279 contegunt
801 2221 884 2281 quam
899 2203 1095 2279 longissimam

96 2294 230 2361 servant,
258 2284 306 2344 ubi
329 2285 389 2345 leui
409 2285 506 2363 inopia
529 2293 590 2360 est,
624 2293 780 2345 stramento
808 2286 920 2364 paleam
943 2296 1094 2364 quaeruut.

60 2369 192 2447 ospauici
206 2367 301 2429 culmo
323 2386 380 2428 non
399 2378 516 2446 tegunt,
541 2370 600 2428 mili
616 2370 738 2429 culmum
759 2370 822 2430 lere
837 2370 965 2444 inurunt,
990 2368 1095 2429 hordei

95 2451 229 2531 stipulam
244 2451 337 2513 bubus
360 2448 550 2530 gratissimam
567 2463 694 2513 servant.
724 2455 856 2533 panicum
872 2461 901 2512 et
915 2452 1021 2511 milium
1039 2452 1094 2511 siu·
1141 2473 1143 2476 ⁴

94 2535 215 2612 gillatim
236 2538 350 2614 pectine
373 2537 497 2595 manuali
517 2536 617 2613 legunt
639 2536 760 2597 Galliae.
794 2536 899 2596 Messis
919 2537 982 2614 ipsa
1007 2536 1075 2596 alibi
1085 2545 1140 2600 298

94 2617 207 2678 tribulis
221 2620 249 2677 in
264 2637 343 2695 area,
360 2618 428 2679 alibi
445 2637 581 2697 equarum
595 2619 747 2696 gressibus
766 2621 917 2696 exteritur,
940 2620 1009 2680 alibi
1027 2638 1093 2698 per·

93 2702 160 2760 ticis
174 2701 346 2778 flagellatur.
374 2702 498 2761 triticum
521 2719 577 2780 quo
594 2704 687 2763 serius
708 2706 822 2764 metitur
842 2705 991 2781 copiosius
1014 2704 1093 2762 inve-

58 2784 186 2860 sonitur,
214 2801 270 2861 quc
295 2785 420 2845 celerius
437 2803 510 2845 vero
534 2787 592 2846 hoc
617 2788 781 2865 speciosius
801 2805 835 2847 ac
856 2787 1012 2847 robustius.
1045 2787 1094 2846 lex

93 2869 258 2946 aptissima,
280 2878 472 2947 antequam
486 2887 634 2946 granum
650 2872 866 2931 indurescat
881 2881 916 2931 et
934 2889 1009 2930 cum
1026 2873 1092 2930 iam

92 2951 255 3011 traxerit
283 2952 464 3028 colorem,
495 2953 643 3014 oraculum
672 2971 745 3016 vero
781 2953 892 3014 biduo
925 2954 1093 3013 celerius

92 3053 245 3095 messem
264 3036 395 3096 lacere
417 3037 788 3115 potiusquambidno
806 3038 938 3097 serius.
970 3037 1092 3114 siliginis

93 3128 123 3178 et
140 3120 227 3179 tritici
243 3119 344 3180 eadem
361 3119 434 3178 ratio
451 3120 479 3179 in
496 3136 565 3180 area
579 3120 756 3198 horreoque.
787 3120 842 3196 far,
858 3121 924 3199 quia
937 3120 1093 3180 difficulter
1178 3133 1188 3151 ·

56 3204 253 3279 ssexcutitur‚
281 3204 415 3264 convenit
434 3221 498 3263 cum
519 3203 604 3282 palea
626 3205 796 3280 manendi,
821 3213 850 3264 et
865 3204 969 3283 stipula
985 3213 1092 3264 tantum

93 3296 122 3345 ct
140 3287 235 3346 aristis
249 3287 398 3349 liberatur.
428 3287 516 3348 Palea
537 3288 636 3367 plures
649 3288 777 3364 gentium
793 3305 846 3366 pro
862 3288 930 3347 ieno
946 3296 1069 3346 utuntur.
1083 3295 1136 3349 299

92 3369 195 3429 melior
210 3389 245 3431 ea
265 3389 323 3451 quo
343 3372 456 3431 tenuior
475 3371 666 3450 minutiorque
682 3380 712 3431 et
727 3370 841 3451 pulveri
859 3371 996 3450 propior,
1024 3369 1091 3428 ideo

93 3461 209 3530 optuma
230 3472 248 3514 e
268 3457 364 3534 milio,
391 3471 531 3535 proxuma
554 3473 592 3514 ex
613 3455 747 3536 hordeo,
766 3471 911 3533 pessuma
937 3451 1118 3513 essentias.
