2422 3840
111 174 151 234 36
459 183 488 230 c.
505 182 601 228 Purus
617 181 767 229 sucunor

72 349 123 403 160
133 341 209 398 inter
224 338 291 397 illos
306 353 409 413 pacem
424 353 491 394 esse
511 343 627 410 cogunt.
660 335 730 393 acsi
746 335 809 411 quis
824 330 1113 410 Aethiopasdegp·

112 433 201 500 ptum,
216 419 339 492 Arabas,
352 417 450 492 lndos,
465 418 600 493 Scythas,
612 416 743 492 Bactros,
757 418 948 477 Sarmatarum
960 423 1004 475 tot
1014 416 1113 492 gentis

114 516 142 565 et
159 505 277 564 orientis
295 505 445 579 omniaque
466 501 634 560 Parthorum
657 518 747 576 regua
770 500 936 576 diligentius
960 506 1112 577 conputet,

115 606 208 665 aequa
225 588 317 647 ferme
332 604 400 662 pars
416 586 560 645 hominnm
581 586 609 642 iu
629 592 691 643 toto
715 584 819 643 mundo
837 582 955 642 calamis
972 591 1113 660 superata

71 680 121 734 161
134 673 222 747 degit.
250 671 428 747 ‘Praecipuus
444 669 491 728 hic
506 669 584 726 visus
599 668 628 725 iu
643 665 732 726 Creta
747 666 906 726 bellatores
921 680 991 725 suos
1006 665 1140 726 nobili-s

113 757 191 815 tavit.
223 754 319 813 sedin
342 753 398 812 hoc
420 769 551 829 quoque,
568 751 604 809 'ui
626 752 733 809 ceteris
756 752 784 808 in
804 749 908 822 rebus,
931 749 1002 808 vicit
1017 748 1112 824 ltalia,

114 839 227 918 quando
248 838 343 897 nullus
360 837 473 912 sagittis
488 836 582 913 aptior
599 834 726 893 calamus
748 852 831 911 quam
853 834 880 891 in
896 831 999 892 Rheno
1016 831 1113 891 Bouo-

113 923 205 982 niensi
222 940 316 995 amne,
335 922 380 978 oui
397 929 425 978 et
436 919 566 996 pluruma
580 919 655 976 inest
667 917 793 976 medulla
805 917 977 994 pondusque
989 915 1112 982 volucre

112 1016 141 1065 et
160 1014 261 1064 contra
278 1003 361 1062 datus
383 1019 498 1078 quoque
520 1002 661 1078 pervicax
680 999 763 1060 libra.
799 1002 907 1078 quippe
928 1017 987 1058 non
1008 999 1113 1059 eadem

111 1087 348 1164 gratiaBelgicis.
371 1086 444 1145 haec
459 1094 488 1144 et
498 1085 622 1144 Creticis
636 1084 856 1159 commendatIo,
867 1081 1000 1142 omnibus
1013 1099 1111 1160 quam·
1124 1096 1148 1137 to

113 1190 198 1249 quam
228 1170 429 1249 praeferantur
454 1167 544 1227 lndioi
574 1184 694 1247 quorum
720 1167 775 1228 alia
803 1166 972 1243 quibusdam
996 1165 1113 1225 videtur

112 1264 228 1329 natura,
251 1253 364 1332 quando
387 1261 415 1311 et
435 1252 580 1311 hastarum
599 1252 694 1310 vicem
711 1250 853 1328 praebent
866 1249 970 1310 additis
985 1248 1112 1327 cuspidi·

74 1338 198 1402 1611161.
230 1336 384 1396 Harundiui
402 1335 516 1413 quidem
540 1334 656 1394 Indicae
676 1333 800 1393 arborea
820 1332 994 1412 amplitudo,
1017 1332 1113 1410 qualis

112 1421 202 1498 volgo
218 1423 247 1480 in
264 1419 381 1497 templis
396 1419 536 1478 videmus.
569 1418 686 1478 differre
707 1420 792 1478 maris
815 1436 850 1477 ac
874 1418 994 1477 feminas
1017 1417 1048 1475 iu
1067 1415 1113 1475 his

113 1523 229 1585 quoque
254 1504 315 1564 Indi
336 1503 459 1563 tradunt.
490 1503 612 1580 spissius
635 1503 705 1561 mari
731 1501 1148 1580 eorpus,leminaecapa·1s

113 1592 184 1648 cius.
218 1589 457 1664 navigiorumque
482 1588 566 1646 etiam
594 1587 687 1644 vicem
709 1580 873 1662 praestant,
900 1585 925 1642 si
954 1583 1112 1658 credimus,

113 1672 224 1749 singula
240 1670 411 1730 internodia.
446 1672 523 1729 eirca
535 1670 682 1729 Acesinen
695 1686 804 1728 amnem
821 1685 953 1726 maxume
972 1668 1111 1726 nascitur.

72 1765 121 1819 163
132 1755 267 1815 Harundo
284 1756 375 1814 omnis
394 1772 432 1812 ex
448 1770 502 1812 una
520 1755 609 1831 stirpe
624 1769 788 1828 numerosa,
805 1761 892 1829 atque
915 1751 1000 1810 etiam
1015 1751 1113 1809 recisa

113 1838 266 1899 fecundius
282 1837 417 1912 resurgit.
448 1836 530 1895 radix
555 1845 655 1895 natura
676 1836 779 1910 vivax,
800 1833 964 1912 geniculata
985 1834 1111 1912 etipsa.

65 1953 67 1956 ·
112 1921 181 1980 lolia
198 1921 303 1980 Indicis
318 1928 424 1979 tantum
437 1919 553 1994 brevia,
570 1918 701 1978 omnibus
722 1935 794 1978 vero
816 1937 832 1978 a
853 1917 930 1979 nodo
953 1934 1021 1976 orsa
1043 1933 1148 1979 con-so

112 2004 201 2081 plexu
222 2006 315 2062 tenuis
336 2020 390 2081 per
411 2002 544 2062 ambitum
564 2003 700 2062 inducunt
720 2004 849 2078 tunicas,
874 2010 960 2080 atque
982 2003 1113 2063 amedio

112 2086 273 2146 internodio
296 2104 359 2146 oum
380 2086 539 2163 plurumum
560 2087 693 2147 desinunt
712 2087 821 2146 vestire
849 2083 1111 2165 prooumbuntque.

111 2170 204 2230 latera
218 2170 366 2231 harundini
383 2169 555 2250 calamoque
570 2172 598 2229 iu
613 2171 787 2229 rotunditate
808 2168 891 2248 hina,
914 2188 1003 2248 super
1017 2169 1112 2230 nodos

112 2255 223 2315 alterno
246 2273 362 2333 semper
381 2254 514 2332 inguine,
537 2263 567 2313 ut
587 2254 740 2314 alteruma
760 2254 883 2314 dextera
903 2254 967 2330 liat,
989 2254 1112 2313 alterum

112 2340 263 2417 superiore
276 2339 412 2415 geniculo
425 2338 459 2398 ab
475 2338 558 2397 laeva
571 2356 624 2416 per
640 2339 722 2396 vicis.
752 2337 818 2398 inde
833 2347 940 2398 exeunt
954 2336 1110 2416 aliquando
1121 2353 1147 2394 as

111 2424 181 2480 rami
199 2423 247 2500 qui
262 2433 326 2482 sunt
342 2422 444 2481 calami
458 2430 570 2480 tenues.

70 2513 121 2567 164
195 2504 279 2581 (66.)
302 2505 387 2564 Plura
401 2513 496 2564 autem
512 2521 630 2580 genera.
658 2504 714 2564 alia
728 2506 851 2582 spissior
865 2503 1040 2580 densiorque
1058 2522 1110 2581 ge·

111 2585 224 2662 niculis,
237 2586 375 2646 brevibus
390 2587 570 2662 internodiis,
583 2587 638 2647 alia
653 2588 748 2647 rarior
758 2587 925 2664 maioribus,
938 2589 1110 2666 tenuiorque

111 2679 140 2729 et
161 2672 233 2746 ipsa.
270 2671 396 2730 calamus
417 2688 488 2729 vero
510 2671 582 2730 alius
608 2679 686 2730 totus
709 2688 872 2747 concavos,
897 2689 982 2751 quem
1003 2679 1111 2731 vocant

111 2755 268 2829 syringian,
290 2754 454 2813 utilissimus
471 2754 584 2828 fistulis,
601 2756 734 2831 qnoniam
748 2754 817 2814 nihil
830 2756 913 2814 estei
931 2754 1109 2832 cartilaginis
1119 2773 1144 2815 eo

110 2848 196 2916 atque
218 2838 321 2896 caruis.
358 2835 566 2897 Orchomenius
594 2848 640 2896 est
661 2839 795 2897 continuo
816 2838 956 2899 foramine
977 2839 1109 2915 pervius,

69 2931 118 2985 166
131 2941 215 2999 quem
232 2921 378 2981 auleticon
393 2929 507 2980 vocant.
538 2921 586 2980 hic
608 2920 686 2981 tibiis
705 2923 819 2999 utilior,
837 2923 941 2982 fistulis
964 2921 1024 2980 ille.
1056 2920 1111 2980 Est

111 3004 183 3062 alius
201 3006 345 3064 crassiore
362 3004 440 3082 ligno
457 3013 487 3063 et
501 3006 580 3063 tenui
595 3005 745 3066 foramine.
774 3006 850 3066 hunc
871 3014 961 3066 totum
984 3004 1109 3081 fungosa

111 3088 206 3163 replet
223 3088 358 3147 medulla.
390 3088 461 3148 alius
477 3087 612 3165 brevior,
639 3089 711 3149 alius
722 3091 891 3169 procerior,
909 3089 1014 3149 exilior
1030 3106 1109 3148 cras·

111 3170 239 3247 siorque.
284 3171 536 3248 fruticosissimus,
562 3175 610 3251 qui
633 3183 754 3233 vocatur
776 3174 886 3249 donax,
914 3189 972 3232 non
998 3173 1053 3231 nisi
1080 3173 1143 3236 inas

112 3255 251 3331 aquaticis
266 3263 358 3329 natus,
373 3256 506 3335 quoniam
523 3265 552 3315 et
567 3256 641 3316 haec
656 3258 816 3317 differentia
832 3266 877 3317 est
888 3257 1006 3317 multum
1022 3273 1108 3334 prae·

71 3345 120 3401 166
131 3337 188 3398 lata
204 3338 360 3397 harundine
378 3357 451 3416 quae
468 3340 496 3398 in
511 3341 598 3399 siccis
612 3342 774 3418 proveniat.
807 3341 893 3400 Suum
911 3359 1002 3418 genus
1019 3341 1108 3417 sagit·

70 3445 100 3482 111
113 3423 185 3482 tario
201 3422 322 3499 calamo,
339 3431 370 3482 ut
385 3423 517 3500 diximus,
534 3424 587 3484 sed
599 3420 717 3484 Cretico
735 3424 911 3500 longissimis
927 3423 1108 3500 internodiis,
