2422 3840
370 233 451 279 unu.
467 231 558 279 msa.
574 231 687 278 xv1111
704 218 903 295 8.(41-45.)
1077 215 1135 278 181

136 406 219 468 quam
237 395 341 466 postea
356 392 524 463 temptatum
538 385 635 444 utilius
652 384 799 460 adparuit,
816 385 870 442 nisr
864 383 964 462 'quod
981 384 1059 443 circa
1073 383 1136 442 idus

134 471 274 532 Februar
301 469 422 530 defosso
451 470 561 527 semine
585 469 740 527 acervatim
762 468 892 546 parvolis
914 466 1068 527 scrobibus
1090 484 1136 526 se·

135 564 216 630 runt,
237 555 397 634 plurumum
419 560 594 612 maceratum
610 551 685 611 fimo.
715 551 781 610 dein
794 552 878 609 nexis
893 551 967 609 inter
982 570 1014 611 se
1032 551 1134 610 radici-

134 637 189 698 bus
215 655 364 716 spongeas
385 636 480 695 factas
506 644 572 712 post
594 635 806 732 aequinoctium
835 635 957 692 autumni
983 636 1136 712 disponunt

108 721 287 800 spedulibus
309 719 470 780 intervallis
491 718 684 778 fertilitatem
700 718 791 776 denos
809 733 899 776 annos
915 718 1044 777 durante.
1073 719 1135 777 nul·

134 806 191 866 lum
205 807 315 883 gratius
330 804 375 863 his
393 803 485 861 solum
499 821 581 881 quam
593 801 800 862 Rauennatium
813 799 971 859 hortorum.
996 802 1035 858 in·
1049 800 1083 883 ¹¹⁶0»
1085 801 1119 874 ¹⁵⁷?
1129 814 1174 866 151

134 890 291 949 dicavimus
308 897 337 946 et
354 886 516 983 corrudapr
533 886 609 945 hunc
624 887 697 945 enim
712 884 854 984 intellego
872 884 1036 943 silvestrem
1052 902 1136 963 aspa·

134 991 245 1050 ragom,
262 989 347 1070 quem
363 959 499 1030 Graeci'‘
480 988 621 1050 oppuvov
634 978 681 1029 aut
694 959 898 1048 pvolxocvflov
912 978 1018 1027 vocant
1033 969 1135 1028 aliisue

134 1053 305 1116 nominibus.
333 1055 448 1113 invenio
466 1056 547 1113 nasci
562 1063 591 1112 et
608 1054 706 1112 arietis
723 1051 859 1112 cornibus
876 1053 966 1111 tunsis
982 1060 1070 1131 atque
1085 1052 1135 1111 de-

98 1139 232 1202 anfossus.

198 1223 281 1302 (43.)
310 1221 446 1281 Poterant
466 1219 558 1279 videri
580 1219 656 1279 dicta
677 1221 769 1280 omnia
792 1237 866 1298 quae
888 1221 916 1279 iu
932 1223 1026 1298 pretio
1045 1229 1117 1296 sunt,
1127 1230 1177 1283 152

132 1307 161 1367 ni
182 1315 308 1367 restaret
326 1323 375 1363 res
400 1305 523 1362 maxumi
542 1311 679 1380 quaestus
702 1321 759 1362 non
784 1305 846 1362 sine
870 1304 980 1380 pudore
1002 1304 1133 1364 dicenda.
1174 1364 1176 1369 ,

134 1398 244 1450 certum
266 1396 312 1447 est
332 1390 440 1466 quippe
464 1385 588 1445 carduos
602 1385 678 1464 apud
695 1384 898 1464 Carthaginem
915 1404 1045 1463 magnam
1062 1386 1133 1446 Gor·

133 1473 295 1551 dubamque
316 1471 475 1549 praecipue
498 1471 661 1528 sestertium
683 1488 753 1532 sena
768 1470 844 1530 milia
862 1489 878 1529 e
895 1472 993 1548 parvis
1009 1472 1134 1531 reddere

97 1557 228 1632 storeis,
255 1555 388 1632 quoniam
410 1561 543 1631 portenta
565 1570 682 1632 quoque
704 1556 846 1613 terrarum
867 1555 895 1612 in
910 1570 1031 1629 ganeam
1047 1554 1133 1612 verti·

132 1657 206 1714 mus,
224 1640 309 1697 etiam
324 1655 359 1696 ea
374 1655 449 1715 quae
463 1636 608 1713 refugiunt
620 1638 757 1696 consciae
770 1637 974 1714 quadripedes.
994 1638 1117 1697 carduos
1127 1645 1177 1700 153

134 1730 234 1783 serunt
251 1721 364 1781 duobus
380 1720 488 1795 modis,
506 1729 639 1780 autumno
655 1721 769 1799 planta,
788 1730 817 1779 et
833 1722 942 1780 semine
958 1730 1024 1780 ante
1043 1738 1133 1780 nouas

132 1805 266 1882 Martias,
292 1806 469 1884 plantaeque
487 1823 525 1864 ex
540 1821 577 1863 eo
596 1805 784 1881 disponuntur
798 1813 864 1865 ante
881 1804 945 1864 idus
960 1804 1134 1864 Novembris

132 1899 180 1950 aut
196 1891 225 1949 in
241 1890 316 1950 locis
330 1888 442 1967 frigidis
458 1889 536 1948 circa
550 1887 704 1948 favonium.
725 1897 923 1949 stercorantur
939 1891 1035 1964 etiam,
1052 1892 1075 1948 si
1090 1888 1134 1948 dis

94 1989 122 2031 ao
133 1975 242 2054 placet,
259 1974 422 2052 laetiusque
436 1972 618 2051 proveniunt,
635 1973 803 2032 condiuntur
816 1989 933 2052 quoque
947 1983 1033 2033 aceto
1046 1972 1133 2033 melle

131 2059 222 2118 diluto
243 2057 338 2117 addita
355 2057 457 2117 laseris
473 2055 571 2115 radice
591 2065 620 2115 et
636 2057 753 2130 cumini,
781 2075 818 2116 ne
835 2058 899 2136 quis
915 2057 977 2116 dies
992 2060 1054 2117 sine
1072 2074 1132 2116 oar·

132 2141 190 2200 duo
207 2141 252 2199 sit.

196 2223 280 2302 (44.)
307 2220 412 2280 cetera
428 2223 456 2280 in
471 2229 636 2281 transcursu
655 2222 711 2282 dici
730 2234 860 2301 possunt.
891 2223 1020 2283 Ocimum
1035 2222 1177 2287 Pari-154

133 2305 210 2366 libus
227 2313 343 2384 optume
359 2306 417 2364 seri
431 2304 537 2380 ferunt,
554 2305 666 2383 quidam
682 2317 710 2366 et
722 2317 866 2384 autumno,
884 2309 1052 2385 iubentque,
1070 2324 1133 2364 cum

94 2389 228 2449 achieme
245 2398 367 2465 seratur,
385 2398 470 2450 aceto
488 2407 588 2449 semen
604 2391 747 2468 perfundi.
791 2389 886 2452 Eruca
906 2409 1022 2470 quoque
1041 2398 1070 2449 et
1084 2406 1132 2448 na-

131 2475 261 2533 sturtium
286 2473 336 2532 vel
361 2482 472 2534 aestate
497 2473 546 2532 vel
569 2474 663 2534 hieme
686 2474 823 2535 facillime
846 2485 1009 2535 nascuntur.
1046 2491 1133 2533 eruca

130 2559 291 2636 praecipuo
313 2557 452 2633 frigorum
476 2560 666 2636 contemptrix
690 2557 824 2619 diversae
848 2570 893 2619 est
915 2576 999 2636 quam
1020 2558 1133 2618 lactuca

130 2649 267 2715 naturae,
287 2641 517 2720 concitatrixque
531 2644 658 2701 veneris.
683 2642 791 2701 idcirco
806 2644 931 2719 iungitur
946 2642 986 2708 illi
1002 2641 1065 2700 fere
1084 2642 1175 2705 in155

131 2723 222 2800 cibis,
245 2731 274 2782 ut
294 2725 381 2782 nimio
403 2723 505 2802 frigori
528 2743 580 2804 par
601 2725 701 2786 fervor
722 2725 854 2784 inmixtus
877 2735 1133 2803 temperamentum

92 2816 253 2906 coaequet.
294 2805 469 2868 Nasturtium
490 2827 594 2869 nomen
613 2811 728 2889 accepit
749 2827 765 2870 a
785 2809 894 2869 narium
915 2819 1074 2885 tormento,
1103 2818 1133 2868 et

129 2891 198 2971 inde
224 2892 334 2968 vigoris
360 2892 533 2969 significatio
562 2894 718 2970 proverbio
740 2896 889 2992 usprpavit
909 2894 937 2952 id
959 2893 1132 2953 vocabulum

129 2972 220 3035 veluti
234 2981 384 3054 torporem
401 2977 561 3036 excitantis
586 2977 614 3034 in
629 2975 734 3037 Arabia
751 2978 840 3036 mirae
856 2975 1048 3056 amplitudinis
1063 2976 1132 3035 dici·

130 3059 279 3135 turgigni.

195 3141 303 3222 (45.)
303 3141 377 3202 Rota
401 3158 516 3220 quoque
540 3141 645 3199 seritur
671 3141 786 3203 favonio
814 3154 843 3203 et
870 3144 905 3204 ab
931 3143 1114 3222 aequinoctio
1124 3153 1174 3207 156

92 3248 121 3290 as
132 3227 265 3286 autumni.
287 3225 347 3285 odit
362 3226 484 3285 hiemem
503 3232 532 3283 et
547 3240 675 3283 umorem
691 3242 726 3284 ac
740 3227 844 3303 fimum,
862 3228 968 3304 apricis
981 3227 1088 3303 gaudet
1103 3234 1132 3285 et

132 3310 220 3368 siccis
242 3319 379 3386 terraque
401 3326 485 3386 quam
505 3325 636 3368 maxume
653 3307 796 3370 lateraria.
829 3313 928 3371 cinere
943 3310 1005 3369 volt
1021 3311 1132 3382 nutriri,

132 3391 180 3450 lric
198 3400 227 3450 et
242 3394 342 3452 semini
359 3393 495 3452 miscetur
510 3400 540 3450 ut
557 3401 654 3451 careat
668 3395 774 3452 urucis.
805 3392 971 3454 Auctoritas
988 3393 1015 3450 ei
1030 3401 1059 3451 et
1080 3410 1131 3467 pe·

132 3474 249 3536 culiaris
264 3475 339 3554 apud
356 3478 488 3554 antiquos
506 3476 567 3537 fuit.
600 3475 716 3536 invenio
738 3476 870 3536 mulsum
884 3485 1021 3534 ruaauunx
1034 3472 1158 3544 (ψιλὴ
