2422 3840
354 195 436 241 nnn.
451 170 543 243 msr‘.
562 196 633 242 xxi.
647 193 732 248 c—r.
752 183 904 262 (rr—ao.)
1068 181 1129 245 239

125 350 195 409 bent
211 346 328 406 odores.
357 347 534 424 quorundam
549 349 604 409 llos
619 356 725 408 tantum
741 348 895 423 iucundus,
919 348 1050 423 reliquae
1065 365 1130 425 par·

126 441 172 492 tes
192 428 335 506 ignavae,
361 439 391 490 ιιι
413 430 510 490 violae
538 450 573 491 ac
594 448 690 490 rosae.
729 431 905 491 hortensium
926 430 1172 496 odoratissimam

127 531 203 592 quae
216 513 311 588 sicca,
335 522 365 573 ut
382 523 461 589 ruta,
484 524 594 589 menta,
618 516 712 592 apium
728 524 758 573 et
775 532 849 592 quae
865 514 892 572 in
907 515 994 574 siccis
1008 533 1128 574 nascan-

126 608 181 657 tur.
213 596 352 674 quaedam
369 606 514 657 vetustate
535 597 719 672 odoratiora,
747 606 778 656 ut
803 605 943 670 cotonea,
971 599 1130 675 eademque

105 682 267 758 edecerpta
284 699 368 758 quam
392 683 421 739 in
442 682 501 739 suis
517 680 672 741 radicibus.
700 680 839 756 quaedam
856 697 913 737 non
930 681 985 738 nisi
1001 681 1131 742 defracta

127 774 175 825 aut
191 782 228 822 ex
247 765 342 823 attritu
359 764 454 838 olent,
480 765 536 823 alia
551 764 676 824 nonnisi
692 763 822 822 detracto
840 764 968 839 cortice,
991 756 1132 840 qu'aedam

127 866 198 909 vero
213 848 340 906 nonnisi
356 856 437 921 usta,
464 849 538 906 sicut
553 856 615 906 tura
636 863 817 924 murraeque.
847 845 937 905 flores
953 848 1010 904 triti
1027 864 1126 906 omnes
1138 859 1172 913 39

127 933 285 1010 amariores
306 947 391 1009 quam
413 931 521 990 intacti.
557 930 652 1007 aliqua
674 929 751 988 arida
775 930 880 990 diutius
898 929 1018 989 odorem
1041 933 1131 990 conti·

126 1023 213 1090 nent,
236 1022 267 1073 ut
286 1013 443 1088 melilotos.
476 1013 615 1091 quaedam
637 1013 734 1073 locum
757 1014 850 1093 ipsum
874 1012 1069 1073 odoratiorem
1089 1014 1129 1074 la·

93 1099 220 1175 acciunt,
252 1106 283 1156 ut
303 1098 371 1172 iris,
405 1099 473 1176 quin
493 1107 522 1156 et
541 1096 676 1158 arborem
693 1106 799 1172 totam,
829 1097 1033 1176 cuiuscumque
1056 1097 1130 1157 radi-

128 1199 179 1241 ces
206 1181 336 1257 attinget.
367 1181 501 1259 hesperis
528 1190 614 1240 noctu
644 1182 735 1257 magis
759 1181 837 1255 olet,
860 1181 926 1240 inde
952 1182 1067 1241 nomine
1090 1182 1130 1239 in·

127 1274 224 1325 vento.
256 1265 417 1324 animalium
433 1263 541 1335 nullum
553 1265 714 1339 odoratum,
728 1265 783 1324 nisi
798 1265 823 1322 si
838 1264 874 1323 de
889 1265 1037 1342 pantheris
1053 1265 1132 1342 quod

127 1349 233 1408 dictum
250 1357 295 1406 est
314 1347 467 1406 credimus.
1120 1372 1138 1413 e,
1149 1372 1172 1405 ss

191 1430 277 1508 (19.)
300 1429 354 1490 llla
369 1447 487 1508 quoque
501 1447 559 1488 non
574 1429 728 1489 omittenda
745 1430 906 1489 dillerentia
922 1439 982 1505 est,
1012 1441 1041 1490 et
1057 1432 1127 1490 odo·
1139 1440 1174 1494 40

92 1522 320 1574 aeramentorum
340 1513 428 1572 multa
445 1513 515 1572 nihil
530 1514 652 1573 attinere
670 1514 706 1574 ad
726 1521 941 1589 coronamenta,
966 1523 996 1572 ut
1009 1515 1072 1572 irim
1090 1523 1129 1573 at-

127 1616 184 1676 que
200 1596 372 1670 saliuncam,
395 1612 565 1676 quamquam
581 1596 751 1656 nobilissimi
768 1596 868 1655 odoris
888 1605 1048 1673 utramque.
1078 1598 1131 1656 sed

126 1682 177 1740 iris
192 1678 291 1738 radice
307 1689 414 1738 tanturn
431 1679 662 1757 commendatur,
689 1681 840 1756 unguentis
855 1697 979 1740 nascens
997 1688 1027 1738 et
1042 1680 1130 1740 medi-

124 1765 219 1824 cinae.
253 1762 448 1823 laudatissima
473 1765 501 1821 in
524 1763 660 1838 Illyrico,
686 1773 715 1822 et
738 1763 777 1823 ibi
794 1780 910 1841 quoque
926 1780 984 1821 non
1004 1763 1032 1821 in
1046 1765 1130 1824 mari·

125 1848 218 1922 timis,
245 1847 342 1907 sedin
364 1846 546 1907 silvestribus
565 1847 701 1907 Drinonis
724 1856 753 1905 et
769 1846 920 1922 Naronae,
949 1864 1089 1924 proxuma
1103 1849 1131 1906 in

90 1929 313 2006 rohacedonta,
343 1931 512 2008 longissima
533 1932 606 1991 haec
627 1941 657 1990 et
673 1930 825 1992 candicans
841 1939 870 1990 et
885 1931 979 1989 exilis.
1014 1932 1127 1989 tertium
1139 1940 1172 1994 41

125 2015 221 2075 locum
254 2014 342 2074 habet
371 2014 525 2088 Africana,
559 2016 731 2092 amplissima
762 2016 837 2075 inter
866 2016 957 2074 omnis
987 2024 1131 2092 gustuque

126 2099 313 2158 amarissima.
344 2096 463 2170 Illyrica
479 2114 597 2174 quoque
618 2099 738 2156 duorum
758 2116 899 2173 generum
915 2107 969 2157 est.
998 2099 1130 2176 raphani·

126 2181 163 2238 tis
178 2196 194 2238 a
213 2179 414 2251 similitudine,
442 2196 517 2255 quae
532 2189 561 2238 et
573 2179 677 2239 melior
692 2179 870 2253 rhinotomo‚
890 2181 1019 2240 subrufa.
1048 2191 1130 2259 optu-

125 2279 188 2338 ma,
215 2279 290 2340 quae
311 2270 506 2320 sternumenta
522 2270 645 2320 tractatu
668 2270 781 2336 moveto,
809 2263 921 2322 caulem
943 2263 1031 2323 habet
1052 2264 1129 2322 cubi·

90 2345 232 2421 natalem,
258 2354 396 2405 erectum.
430 2344 516 2404 floret
533 2345 708 2405 versicolori
724 2345 843 2423 specie,
872 2347 947 2404 sicut
962 2363 1046 2404 arcus
1063 2365 1128 2406 cae·

126 2428 225 2504 lestis,
241 2429 315 2489 unde
332 2438 360 2488 et
375 2446 488 2488 nomen.
518 2446 576 2487 non
590 2429 759 2508 inprobatur
774 2437 803 2487 et
818 2429 949 2489 Pisidica.
979 2436 1008 2486 et
1024 2428 1173 2489 fossuri42

126 2512 217 2572 tribus
235 2522 301 2572 ante
321 2510 468 2572 mensibus
489 2513 581 2571 mulsa
602 2530 676 2590 aqua
701 2511 873 2571 circumfusa
887 2511 944 2570 hoc
965 2511 1055 2571 veluti
1070 2513 1131 2589 pla·

127 2604 258 2654 camento
286 2605 383 2656 terrae
410 2594 608 2669 blandiuntur,
641 2597 859 2672 circumscripta
886 2611 1022 2654 mucrone
1055 2595 1132 2672 gladi

127 2677 199 2736 orbe
216 2677 339 2755 triplici,
361 2688 391 2737 et
414 2697 476 2738 cum
500 2679 634 2755 legerunt
656 2680 787 2756 protinus
808 2680 836 2737 in
858 2678 969 2738 caelum
988 2679 1129 2739 attollunt.

92 2767 119 2809 ³⁰
129 2768 228 2820 natura
244 2771 289 2820 est
309 2762 443 2838 fervens,
462 2771 643 2841 tractataque
658 2761 777 2841 pusulas
801 2763 921 2823 ambusti
941 2763 1028 2822 modo
1050 2764 1129 2822 lacit.

127 2845 305 2922 praecipitur
326 2855 390 2906 ante
407 2847 501 2906 omnia
521 2855 551 2905 ut
575 2848 647 2906 casti
670 2846 779 2927 legant.
813 2846 963 2906 teredines
979 2862 1036 2904 non
1052 2848 1131 2904 sicca

126 2928 213 2987 modo
228 2947 328 2988 verum
344 2939 373 2988 et
389 2930 510 2989 interra
527 2929 679 2990 celerrime
696 2931 791 2988 sentit.
822 2939 968 3006 optumum
984 2938 1068 2988 antea
1083 2929 1130 2987 iri·

125 3029 191 3070 num
209 3010 342 3072 leucade
354 3023 383 3073 et
400 3013 489 3074 Elide
507 3013 671 3087 ferebatur,
686 3045 730 3058 -
748 3013 914 3090 iampridem
927 3014 1001 3071 euim
1015 3021 1044 3071 et
1060 3013 1131 3072 seri·

126 3104 241 3170 tur-,
272 3113 347 3154 nunc
370 3114 386 3155 e
409 3096 593 3173 Pamphylia,
620 3096 674 3156 sed
696 3093 827 3154 Cilicium
849 3113 979 3155 maxume
1002 3096 1132 3156 laudatur

90 3199 117 3241 as
127 3187 213 3256 atque
230 3196 247 3238 e
263 3178 548 3257 septentrionalibus.

189 3262 274 3340 (20.)
298 3263 433 3322 Saliunca
455 3262 528 3320 lolio
545 3262 660 3338 quidem
676 3260 813 3321 subbrevi
828 3271 857 3320 et
879 3262 956 3339 quod
971 3264 1047 3320 necti
1071 3269 1173 3324 n0n43

127 3347 220 3420 possit
242 3347 334 3407 radici
355 3362 529 3406 numerosae
552 3345 706 3418 cohaeret,
739 3344 829 3404 herba
848 3346 945 3404 verius
962 3362 1045 3421 quam
1064 3343 1129 3420 flos,

128 3424 217 3488 densa
232 3429 322 3489 veluti
343 3447 427 3490 manu
444 3445 545 3508 pressa
569 3428 756 3506 breviterque
785 3445 909 3506 caespes
937 3428 980 3487 sui
1002 3428 1135 3504 generis.
1194 3426 1197 3431 ’
