2422 3840
123 157 185 219 222
436 170 466 218 c.
484 171 579 218 rnmr
594 169 743 218 sucorum

122 325 170 387 alii
189 325 320 404 paralion
335 356 392 399 -,
410 323 481 384 folio
499 323 566 399 lini,
594 324 677 400 albo,
705 324 801 402 capita
816 322 1016 400 magnitudinis
1032 324 1135 387 labae.

124 409 270 486 colligitur
282 423 337 467 uva
352 407 493 483 ilorente,
512 409 638 468 siccatur
650 409 680 467 in
694 406 804 468 umbra.
832 425 933 467 semen
948 417 1047 486 potum
1064 427 1135 487 pur-

124 502 173 570 gat
194 492 305 567 alvom,
325 490 441 551 dimidio
462 490 617 551 acetabulo
637 492 664 550 in
679 491 784 552 mulso.
813 492 1021 569 cuiuscumque
1034 501 1137 553 autem

122 577 278 655 papaveris
291 583 377 653 caput
391 573 484 635 viride
497 574 546 634 vel
561 575 671 635 siccum
686 574 795 635 inlitum
807 574 966 653 epiphoras
978 576 1138 636 oculorum

123 660 202 720 lenit.
226 660 324 739 opium
339 677 377 719 ex
392 659 459 718 vino
475 658 624 719 meraculo
640 660 664 718 si
677 659 809 737 protinus
823 659 923 734 detur,
942 661 1136 738 scorpionum
1149 674 1162 714 ι

122 743 227 804 ictibus
249 744 377 803 resistit·
407 743 495 820 aliqui
516 743 575 802 hoc
595 751 701 802 tantum
717 743 800 820 nigro
822 742 964 820 tribuunt,
989 744 1014 802 si
1035 745 1137 822 capita

124 830 188 888 ains
201 827 251 887 vel
266 827 337 888 lolia
352 835 491 887 terantur.

80 921 132 974 210
187 911 238 972 20.
267 909 352 990 (81.)
383 909 436 969 Est
457 919 487 969 et
506 908 667 987 porcillaca
696 927 780 988 quam
804 909 905 987 peplin
925 918 1046 985 vocant,
1074 928 1137 971 non

123 995 239 1056 multum
261 994 353 1054 sativa
374 992 540 1068 efficacior,
562 993 642 1051 cuius
661 992 866 1053 memorabiles
883 1011 950 1052 usus
964 993 1135 1055 traduntur:

124 1080 290 1155 sagittarum
310 1093 423 1136 venena
443 1084 474 1135 et
493 1076 672 1154 serpentium
693 1074 945 1136 haemorrhoidum
968 1087 997 1136 et
1016 1086 1170 1156 preste-m

123 1179 185 1221 rum
204 1160 361 1237 restingui,
391 1176 445 1238 pro
467 1158 534 1219 cibo
560 1167 673 1238 sumpta
696 1167 725 1218 et
746 1159 841 1238 plagis
860 1161 985 1237 inposita
1006 1161 1134 1242 extrahi,

123 1247 191 1305 item
206 1242 376 1318 hyoscyami
390 1251 461 1322 pota
481 1260 498 1302 e
516 1259 604 1321 passo
623 1260 767 1321 expresso
781 1260 866 1316 suco.
904 1262 969 1304 cum
989 1245 1054 1322 ipsa
1073 1262 1135 1304 non

124 1338 185 1399 est,
207 1345 308 1387 semen
332 1327 394 1386 eius
418 1326 504 1390 simili
526 1325 633 1387 effectu
655 1326 785 1407 prodest.
818 1327 929 1388 resistit
951 1336 979 1387 et
994 1345 1136 1405 aquarum

123 1413 217 1488 vitiis,
244 1412 347 1490 capitis
365 1410 461 1471 dolori
481 1409 689 1489 ulceribusque
708 1412 738 1471 in
758 1414 825 1471 vino
840 1421 925 1471 tunsa
946 1421 975 1470 et
993 1412 1134 1491 inposita,

80 1504 131 1558 211
144 1494 257 1573 reliqua
272 1495 373 1556 ulcera
391 1494 617 1555 conmanducata
636 1513 700 1555 cum
713 1495 802 1556 melle
817 1503 908 1555 sanat.
938 1495 982 1555 sic
997 1505 1026 1555 et
1040 1496 1134 1556 inlan·
1146 1510 1170 1551 ιι

123 1582 192 1639 tium
215 1579 341 1639 cerebro
361 1579 509 1658 inponitur
530 1578 726 1657 umbilicoque
746 1579 908 1658 procidua,
930 1579 958 1638 in
981 1580 1135 1657 epiphoris

123 1680 195 1722 uero
215 1664 339 1723 omnium
361 1662 449 1723 fronti
474 1661 713 1740 temporibusque
739 1681 804 1722 cum
822 1663 958 1741 polenta,
981 1662 1034 1722 sed
1059 1663 1135 1741 ipsis

124 1747 217 1808 oculis
240 1766 256 1808 e
277 1747 354 1807 lactc
379 1754 408 1805 et
431 1745 537 1820 melle,
564 1744 682 1821 eadem,
709 1747 733 1805 si
756 1745 908 1824 procidant
926 1746 1029 1820 oculi,
1052 1745 1137 1806 loliis

123 1831 204 1892 tritis.
220 1848 283 1890 cunr
309 1828 467 1889 corticibus
489 1827 592 1902 labae,
614 1827 726 1903 pusulis
747 1846 811 1887 cum
833 1828 952 1906 polenta
972 1837 1002 1886 et
1021 1829 1086 1888 sale
1106 1839 1137 1890 et

123 1923 218 1976 aceto.
256 1912 358 1971 ulcera
385 1912 444 1970 oris
469 1918 668 1986 tumoremque
695 1911 874 1988 gingivarum
901 1910 1170 1976 conmanducatam

123 1996 213 2057 cruda
228 1994 328 2068 sedat,
350 1995 419 2053 item
436 1992 562 2052 dentium
577 1992 714 2070 dolores,
729 1993 909 2053 tonsillarum
925 1994 1025 2054 ulcera
1043 2012 1137 2058 sucus

80 2091 131 2144 212
144 2078 295 2138 decoctae
338 2076 454 2155 quidam
476 2075 614 2136 adiecere
635 2076 750 2155 paulum
771 2095 895 2137 murrae.
930 2096 995 2138 nam
1014 2077 1137 2140 mobilis

122 2162 215 2222 dentis
230 2159 338 2221 stabilit
352 2159 588 2222 conmanducata.
614 2160 701 2221 cruda
717 2161 800 2222 sedat
814 2179 977 2242 vocemque
992 2161 1088 2222 lirmat
1106 2173 1138 2224 et

123 2246 197 2306 sitim
223 2253 312 2306 arcet.
357 2245 484 2305 cervicis
510 2233 637 2305 dolores
658 2262 722 2305 cum
748 2245 827 2323 galla
846 2254 876 2305 et
898 2246 948 2305 lini
972 2247 1083 2305 semine
1107 2258 1137 2307 et

123 2329 211 2390 melle
233 2330 296 2408 pari
319 2347 453 2390 mensura
474 2327 575 2405 sedat,
599 2347 782 2389 mammamm
802 2330 871 2389 vitia
890 2347 955 2388 cnm
973 2329 1062 2390 melle
1085 2340 1136 2390 aut
1145 2349 1171 2390 as

125 2413 247 2474 Cimolia
275 2421 371 2489 creta,
402 2413 538 2472 salutaris
563 2421 593 2472 et
620 2414 789 2490 suspiriosis
816 2413 925 2474 semine
953 2431 1017 2472 cum
1041 2414 1136 2473 melle

81 2507 133 2560 213
143 2498 257 2557 hausto.
290 2496 470 2559 stomachum
483 2498 512 2556 in
523 2497 660 2557 acetariis
675 2507 789 2576 sumpta
805 2496 991 2557 conroborat.
1021 2496 1138 2558 ardenti

124 2579 254 2640 febribus
272 2581 417 2659 inponitur
434 2599 498 2642 cum
513 2581 648 2660 polenta,
665 2588 694 2640 et
706 2580 777 2643 alias
791 2581 960 2640 manducata
975 2579 1138 2657 refrigerat

124 2665 209 2724 etiam
222 2665 366 2726 intestina.
388 2665 564 2725 vomitiones
574 2665 658 2725 sistit.
681 2663 856 2739 dysinteriae
872 2673 902 2724 et
915 2663 1037 2725 vomicis
1052 2673 1138 2724 estur

125 2767 163 2808 ex
191 2757 276 2808 aceto
299 2749 349 2809 vel
374 2748 481 2809 bibitur
502 2765 565 2808 cum
590 2749 720 2822 cumino,
744 2748 882 2808 tenesmis
911 2756 1006 2808 autem
1033 2757 1172 2812 coctam

125 2832 317 2893 comitialibus
336 2831 402 2891 cibo
420 2831 469 2891 uel
491 2838 561 2909 potu
577 2829 716 2908 prodest,
739 2830 961 2909 purgationibus
980 2829 1137 2892 mulierum

125 2915 269 2977 acetabuli
283 2931 418 2975 mensura
439 2914 468 2974 in
488 2931 576 2991 sapa,
601 2912 740 2992 podagris
761 2915 864 2975 calidis
886 2933 950 2976 cum
972 2914 1036 2975 sale
1053 2915 1138 2976 inlita

82 3008 134 3063 214
145 3009 175 3060 et
189 3014 275 3058 sacro
294 2998 364 3074 igni
394 3014 483 3058 sucus
497 2998 558 3057 eius
572 3006 660 3075 potus
674 2999 752 3058 renis
768 2998 846 3059 iuvat
860 3017 896 3060 ac
910 2998 1043 3074 vesicas,
1062 3016 1137 3059 ven-

125 3084 175 3143 tris
192 3080 325 3141 animalia
340 3079 433 3159 pellit
456 3079 493 3141 ad
507 3080 658 3142 volnerum
669 3081 789 3142 dolores
806 3100 844 3142 ex
855 3083 923 3143 oleo
937 3099 1001 3142 cum
1011 3080 1138 3158 polenta

124 3166 293 3263 inpopitur.
316 3181 471 3226 nervomm
489 3163 608 3226 duritias
623 3165 744 3226 emollit.
777 3163 978 3242 Metrodorus,
995 3166 1044 3242 qui
1060 3159 1173 3230 ἐπι-ιι

125 3242 232 3330 τομὴν
248 3247 317 3310 τῶν
334 3246 368 3331 yla
369 3245 622 3328 ζοτομουμένων
634 3250 768 3329 scripsit,
782 3247 1003 3348 porgationibus
1016 3265 1033 3308 a
1046 3259 1137 3327 partu

83 3343 134 3396 215
148 3334 269 3395 dandam
283 3334 405 3399 censuit
429 3350 570 3393 uenerem
587 3332 697 3394 inhibet
710 3335 886 3413 venerisque
902 3333 1023 3393 somnia.
1045 3350 1137 3411 prae·

116 3419 191 3478 tomi
211 3418 372 3500 vitipater
392 3425 455 3497 est,
476 3416 631 3499 hispaniae
654 3417 808 3496 princeps,
833 3435 919 3495 quem
933 3417 996 3475 scio
1010 3426 1140 3495 propter
