2422 3840
119 151 135 183 ἱ

285 207 366 255 usu.
384 207 476 255 arsr.
492 207 592 255 xuni.
609 203 729 258 17-18.
748 190 896 274 (as-46.)
1034 193 1089 253 121

91 364 178 424 arvis.
207 360 332 420 Luxuria
355 370 488 439 segetum
513 362 670 438 castigatur
692 360 778 420 dente
805 361 923 438 pecoris
950 362 978 418 in
1003 359 1093 420 herba

91 447 254 521 dumtaxat,
277 453 307 504 et
323 445 462 523 depastae
485 444 600 521 quidem
616 444 665 504 vel
688 447 806 523 saepius
826 443 932 503 nullam
957 445 985 502 in
1011 444 1093 523 spica

91 530 222 589 iniuriam
242 528 377 588 sentiunt.
408 536 589 587 retonsarum
615 529 700 587 etiam
724 527 816 587 semel
844 528 957 587 omnino
984 536 1093 586 certum

93 623 139 673 est
159 629 277 690 granum
302 612 418 688 longius
442 612 522 687 lieri,
545 612 599 671 sed
624 613 708 671 inane
737 629 927 688 cassumque,
951 620 1093 671 assatum

68 714 149 760 enon
169 697 259 756 nasci.
288 694 439 769 Babylone
460 704 555 753 tamen
575 694 620 754 bis
641 703 760 770 secant,
785 695 899 753 tertium
923 689 1092 772 depascunt,

91 781 218 858 alioquin
239 778 311 838 lolia
332 787 440 837 tantum
457 778 569 838 fierent.
604 779 654 838 Sic
675 795 792 856 quoqne
814 795 877 836 cum
897 778 1074 854 quinquage·
1085 788 1135 841 162

90 867 162 924 simo
180 864 302 929 laenore
319 862 422 921 messis
442 862 537 922 reddit
558 864 661 921 eximia
679 861 814 921 fertilitas
835 861 905 936 soli,
930 860 1092 937 diligentio-

90 949 170 1008 ribus
186 964 286 1006 verum
301 962 365 1004 cum
387 947 555 1004 centesimo.
586 963 682 1024 neque
701 953 747 1004 est
771 962 839 1004 cura
861 943 988 1003 diliicilis
1010 962 1094 1022 quam
1118 983 1120 987 -

91 1031 251 1092 diutissime
268 1046 342 1107 aqua
359 1029 489 1106 rigandi,
513 1039 543 1089 ut
559 1031 747 1108 praepinguis
766 1038 795 1088 et
810 1030 900 1089 densa
916 1028 1033 1087 ubertas
1053 1028 1093 1088 di-

54 1136 80 1178 ro
90 1115 193 1174 luatur.
225 1112 321 1171 limum
338 1121 433 1172 autem
452 1130 509 1172 non
525 1114 662 1173 invehunt
682 1113 850 1192 Euphrates
874 1111 1027 1191 Tigrisque
1051 1112 1093 1171 sic

89 1200 163 1257 utin
178 1196 318 1275 Aegypto
335 1195 434 1272 Nilus,
456 1215 512 1256 nee
528 1207 606 1257 terra
626 1199 690 1275 ipsa
709 1197 816 1256 herbas
839 1198 941 1273 gignit.
975 1195 1093 1255 ubertas

90 1292 185 1342 tamen
200 1289 278 1340 tanta
294 1288 339 1338 est
354 1287 385 1338 ut
399 1290 541 1357 sequente
559 1298 633 1340 anno
656 1290 760 1359 sponte
782 1280 922 1339 restibilis
939 1280 988 1339 fiat
1003 1298 1093 1356 seges

88 1365 231 1444 inpressis
248 1363 374 1438 vestigio
391 1363 566 1438 seminibus,
589 1380 664 1441 quae
680 1373 759 1423 tanta
784 1364 840 1422 soli
864 1363 1024 1422 dillerentia
1045 1361 1093 1422 ad·

88 1456 187 1507 monet
201 1456 299 1505 terrae
315 1462 423 1520 genera
437 1447 466 1502 in
479 1444 580 1522 fruges
595 1446 777 1506 describere.

54 1552 80 1592 15
156 1529 239 1612 (46.)
262 1526 487 1605 lgitur'Gatonis
503 1528 577 1587 haec
593 1531 736 1588 sententia
755 1537 816 1587 est:
840 1529 869 1585 in
884 1545 956 1603 agro
974 1545 1074 1587 crasso
1085 1538 1136 1593 163

91 1623 121 1672 et
136 1613 213 1672 laeto
228 1611 399 1671 trumentum
418 1613 495 1685 seri,
519 1613 543 1670 si
559 1629 633 1670 vero
648 1612 809 1670 nebulosus
827 1611 863 1668 sit
881 1610 974 1686 idem,
998 1629 1093 1689 rapo,

90 1696 256 1774 raphanos,
280 1693 401 1769 milium,
425 1695 566 1773 panicum.
598 1696 627 1753 in
647 1694 754 1772 frigido
772 1702 801 1753 et
817 1710 929 1772 aquoso
951 1696 1031 1772 prius
1047 1713 1094 1754 se·

90 1778 226 1855 rendum,
247 1787 352 1857 postea
366 1780 394 1838 in
411 1778 523 1855 calido,
546 1780 574 1838 in
590 1778 655 1838 solo
671 1787 765 1838 autem
782 1777 935 1837 rubricoso
950 1778 998 1837 vel
1013 1778 1094 1856 pullo

90 1863 140 1923 vel
157 1863 318 1937 harenoso,
342 1863 366 1920 si
381 1879 438 1921 non
455 1863 491 1920 sit
506 1880 662 1942 aquosum,
687 1862 828 1941 lupinum,
850 1859 975 1920 increta
999 1871 1028 1921 et
1049 1880 1094 1919 ru·

55 1965 81 2005 ro
93 1947 173 2006 brica
189 1956 218 2006 et
233 1947 390 2025 aquosiore
418 1963 489 2022 agro
513 1946 667 2021 adoreum,
688 1949 717 2005 in
740 1948 820 2006 sicco
839 1953 868 2004 et
888 1962 946 2004 non
966 1944 1094 2004 herboso

10 2093 12 2096 ,
90 2048 147 2089 nec
168 2028 304 2088 umbroso
325 2031 465 2104 triticum,
488 2032 517 2088 in
537 2031 602 2089 solo
621 2031 718 2090 valido
742 2029 855 2105 labam,
883 2028 986 2087 viciam
1002 2045 1073 2088 vero
1086 2037 1138 2092 164

92 2131 176 2192 quam
191 2114 312 2171 minume
328 2113 355 2170 in
372 2128 484 2189 aquoso
500 2112 701 2190 herbidoque,
722 2114 865 2188 siliginem
884 2120 912 2170 et
927 2112 1051 2171 triticum
1066 2115 1094 2170 in

91 2197 160 2255 loco
176 2203 279 2272 aperto
296 2194 432 2273 editoque
447 2195 495 2270 qui
510 2194 574 2253 sole
587 2213 671 2272 quam
686 2197 845 2255 diutissime
861 2204 1016 2269 torreatur,
1033 2195 1093 2255 len·

92 2289 151 2336 tem
164 2279 192 2335 in
206 2278 328 2336 rudecto
347 2285 376 2335 et
390 2276 542 2336 rubricoso
560 2279 679 2356 quinon
694 2279 731 2336 sit
746 2276 894 2354 herbidus,
910 2277 1050 2337 hordeum
1066 2281 1094 2336 in

57 2379 83 2419 25
94 2360 192 2420 novali
206 2368 236 2419 et
251 2362 280 2420 in
295 2378 365 2420 arvo
381 2361 460 2439 quod
473 2360 605 2420 restibile
622 2363 716 2439 possit
733 2361 807 2436 lieri,
822 2362 968 2420 trimestre
983 2360 1033 2419 ubi
1048 2379 1094 2419 se·

92 2453 216 2504 mentem
230 2454 369 2504 maturam
383 2444 483 2504 iacere
494 2462 552 2503 non
566 2447 664 2523 possis
679 2455 708 2504 et
721 2446 802 2503 cuius
818 2446 978 2504 crassitudo
995 2447 1032 2504 sit
1047 2461 1093 2503 re·

92 2527 206 2587 stibilis.
238 2527 356 2588 subtilis
380 2537 409 2587 et
425 2526 476 2587 illa
499 2530 656 2588 sententia:
687 2528 813 2588 serenda
833 2529 916 2588 eain
941 2530 1073 2588 tenuiore
1086 2537 1136 2593 165

93 2620 171 2670 terra
187 2628 261 2689 quae
277 2629 334 2670 non
350 2610 439 2670 multo
454 2612 584 2688 indigent
599 2628 687 2687 suco,
710 2621 741 2671 ut
760 2612 868 2685 cytisus
884 2621 914 2671 et
930 2613 1028 2672 cicere
1045 2631 1094 2672 ex·

95 2702 182 2771 cepto
198 2693 342 2770 legumina
357 2712 433 2771 quae
456 2695 602 2755 velluntur
620 2715 636 2754 e
656 2705 751 2770 terra,
773 2712 831 2754 non
846 2696 1037 2756 subsecantur
1053 2731 1095 2740 —

58 2777 168 2835 sounde
184 2785 212 2835 et
228 2777 370 2853 legumina
386 2778 551 2856 appellata,
574 2780 641 2858 quia
662 2781 701 2839 ita
721 2779 857 2858 leguntur
872 2813 929 2856 —,
953 2782 981 2838 in
996 2781 1095 2858 pingui

93 2869 189 2920 autem
204 2877 280 2939 quae
305 2860 361 2919 cibi
378 2868 444 2918 sunt
461 2864 594 2940 maioris,
617 2870 648 2921 ut
663 2863 744 2937 olus,
768 2863 909 2938 triticum,
933 2862 1036 2941 siligo,
1062 2864 1093 2921 li·

92 2961 167 3003 num.
208 2943 252 3001 sic
273 2959 346 3019 ergo
370 2952 457 3002 tenue
479 2946 573 3006 solum
592 2946 705 3005 hordeo
721 2945 835 3006 dabitur
848 2979 892 2992 —·
906 2947 998 3006 minus
1020 2948 1095 3005 enim

93 3027 221 3088 alimenti
235 3025 318 3085 radix
331 3028 428 3103 poscit
442 3061 498 3104 -,
517 3028 611 3088 lenior
626 3037 704 3089 terra
720 3030 896 3109 densiorque
912 3030 1018 3088 tritico.
1045 3031 1073 3088 in
1086 3038 1136 3092 166

94 3111 161 3171 loco
189 3110 329 3170 umidiore
354 3108 399 3167 iar
423 3111 563 3170 adoreum
584 3113 680 3190 potius
710 3130 793 3191 quarn
820 3114 942 3172 triticum
968 3123 1093 3189 seretur,

59 3211 84 3253 ss
93 3200 256 3273 temperato
272 3202 301 3252 et
316 3193 440 3252 triticum
456 3203 486 3253 et
505 3194 656 3256 hordeum.
668 3249 680 3280 ,
690 3196 784 3256 colles
801 3195 947 3255 robustius
969 3197 1022 3257 sed
1043 3199 1093 3254 mi·

93 3296 146 3337 nus
164 3277 287 3338 reddunt
307 3277 440 3337 triticum.
471 3277 526 3354 iar,
543 3278 630 3354 siligo
650 3288 678 3338 et
702 3289 848 3340 cretosum
871 3289 901 3339 et
923 3279 1093 3355 uliginosum

95 3360 187 3419 solum
203 3363 368 3420 sortiuntur.

158 3442 206 3504 18.
228 3442 266 3502 Et
276 3444 406 3520 frugibus
420 3453 564 3504 ostentum
577 3445 679 3522 semel,
693 3446 770 3524 quod
782 3445 919 3523 equidem
925 3443 1107 3514 inueneris,
