2422 3840
326 186 407 232 nnn.
424 184 516 232 ntsr.
532 185 619 232 xxn.
635 181 679 234 aa.
694 173 848 249 (tt—41.)
1040 171 1096 234 281

96 359 154 402 non
169 341 289 415 amaris,
312 338 390 397 loliis
406 338 542 416 olusatri,
560 347 588 397 et
604 337 661 397 hoc
676 338 819 399 laudatum
834 339 862 397 in
881 340 960 399 cibis.
995 340 1105 419 quippe

97 427 181 485 etiam
198 423 340 484 conditum
356 431 531 500 prorogatur
541 421 576 480 ad
587 422 695 480 urinam
709 424 854 498 ciendam,
873 422 972 483 lateris
985 423 1104 483 dolores

97 509 259 582 sedandos,
289 516 389 585 rupta,
412 505 551 564 convolsa
568 505 708 580 sananda,
731 505 893 566 inflationes
909 508 1105 567 discutiendas

97 593 214 671 colique
229 599 388 664 tormenta,
406 598 506 648 contra
520 591 698 666 serpentium
709 591 892 668 omniumque
906 592 1108 651 aculeatorum

71 695 83 735 o
96 677 179 737 ictus.
211 676 321 753 quippe
340 673 414 732 lama
429 681 474 732 est
489 672 546 732 hoc
561 671 668 750 pabulo
686 690 791 732 cervos
806 675 946 734 resistere
962 676 1104 752 serpenti·

96 760 160 819 bus.
187 758 298 818 fistulas
314 775 429 836 quoque
446 755 527 816 radix
543 757 618 814 nitro
633 755 729 816 addito
747 756 825 817 inlita
849 767 946 833 sanat,
971 758 1105 818 siccanda

96 853 191 903 autem
206 844 234 901 in
249 858 302 901 eos
317 860 385 901 usus
401 841 482 918 prius
499 849 559 914 est,
576 858 613 899 ne
629 857 700 898 suco
717 856 770 899 suo
786 841 917 917 madeat,
941 843 988 919 qui
1004 851 1105 901 contra

97 927 274 1004 serpentium
289 926 362 984 ictus
378 941 435 982 non
451 924 521 983 lacit
537 924 714 993 deteriorem
729 942 801 984 eam.

160 1010 243 1093 (38.)
264 1008 389 1069 Scandix
405 1025 521 1085 quoque
536 1007 658 1066 inolere
674 1007 801 1066 silvestri
818 1026 833 1068 a
847 1008 965 1068 Graecis
979 1010 1103 1087 ponitur,
1113 1019 1148 1072 ed

63 1114 87 1154 ro
97 1103 127 1153 ut
142 1092 239 1172 Opion
260 1102 288 1152 et
308 1091 500 1152 Erasistratus
520 1091 644 1151 tradunt.
677 1093 745 1150 item
767 1090 889 1151 decocta
905 1092 1000 1152 alvom
1017 1094 1104 1168 sistit,

95 1179 205 1238 semine
227 1175 369 1254 singultus
398 1175 552 1235 confestim
573 1194 611 1234 ex
631 1184 716 1235 aceto
739 1175 829 1234 sedat.
861 1176 987 1235 inlinitur
1008 1176 1105 1236 ambu-

95 1263 163 1336 stis,
179 1263 275 1321 urinas
293 1261 359 1319 ciet.
391 1258 533 1318 decoctae
547 1277 634 1318 sucus
652 1259 774 1336 prodest
789 1259 955 1335 stomacho,
972 1262 1104 1335 iocineri,

95 1345 229 1418 renibus,
247 1345 376 1403 vesicae.
407 1341 481 1402 haec
497 1350 542 1401 est
559 1359 643 1420 quum
659 1340 870 1419 Aristophanes
884 1343 1016 1422 Euripidi
1032 1361 1104 1422 poe·

96 1437 144 1487 tae
160 1427 250 1486 obicit
265 1426 446 1486 ioculariter:
471 1435 591 1485 matrem
607 1427 720 1484 eiusne
739 1426 803 1485 olus
818 1426 931 1504 quidem
948 1426 1106 1502 legitimqm

61 1512 279 1584 ravenditasse,
298 1509 350 1570 sed
369 1509 544 1568 scandicem.
575 1509 684 1568 Eadem
701 1518 763 1568 erat
777 1510 967 1585 arthriscum,
984 1511 1006 1568 si
1024 1519 1146 1575 tene-81

95 1596 173 1654 riora
189 1593 259 1653 folia
275 1602 304 1653 et
319 1591 484 1652 odoratiora
499 1591 629 1651 haberet.
661 1591 816 1670 peculiaris
832 1593 954 1667 lausei,
971 1593 1049 1672 quod
1064 1595 1104 1654 ia·

95 1681 186 1753 tigato
199 1695 308 1736 venere
325 1677 443 1754 corpori
457 1678 600 1735 succurrit
615 1677 828 1753 marcentisque
842 1679 897 1736 iam
912 1678 994 1736 senio
1011 1679 1104 1738 coitus

96 1762 214 1825 excitat.
245 1761 320 1820 sistit
336 1759 478 1837 prolluvia
495 1758 561 1818 alba
576 1759 755 1820 feminarum.
1114 1759 1116 1763 ’

158 1846 242 1924 (39.)
266 1844 303 1904 Et
322 1844 433 1903 iasione
448 1844 512 1903 olus
535 1844 672 1902 silvestre
688 1843 827 1919 habetur,
852 1844 972 1903 interra
987 1856 1149 1922 repenses

59 1943 86 1984 ao
97 1948 161 1990 cum
179 1929 254 1989 lacte
269 1929 375 2002 multo,
392 1927 493 1989 dorem
509 1927 566 1986 lert
584 1926 751 2003 candidum,
771 1927 924 1987 concilium
939 1937 1054 1989 vocant.
1075 1938 1106 1989 et

94 2014 177 2074 huius
195 2015 296 2073 eadem
319 2010 528 2072 commendatio
552 2011 588 2070 ad
613 2011 800 2072 stimulandos
823 2013 927 2071 coitus.
961 1996 1048 2072 cruda
1067 2031 1104 2072 ex

95 2105 179 2156 aceto
203 2098 231 2154 in
255 2096 344 2170 cibis,
360 2104 389 2153 et
412 2094 580 2153 mulieribus
605 2095 687 2155 lactis
711 2095 872 2155 ubertatem
895 2104 1033 2172 praestat.
1059 2113 1104 2155 sa-

94 2179 194 2239 lutaris
213 2188 259 2238 est
276 2178 410 2257 phthisim
425 2176 625 2237 sentientibus.
659 2176 806 2237 infantium
822 2178 908 2255 capiti
924 2179 1004 2248 inlita
1019 2180 1105 2238 nutrit

95 2263 231 2341 capillum
246 2263 482 2337 tenacioremque
497 2261 560 2319 eius
578 2269 672 2320 cutem
688 2259 787 2319 eflicit.

59 2357 85 2396 ²⁵
161 2345 245 2424 (40.)
267 2344 355 2404 Estur
367 2353 397 2403 et
410 2344 537 2403 caucalis
553 2343 681 2403 feniculo
696 2343 807 2417 similis,
825 2342 909 2402 brevi
922 2343 1016 2418 caule,
1032 2343 1149 2408 floreta

95 2429 235 2504 candido,
260 2428 341 2488 cordi
358 2427 445 2489 utilis.
476 2445 564 2486 sucus
589 2443 705 2506 quoque
727 2428 789 2486 eins
810 2426 933 2503 bibitur,
955 2427 1103 2487 stomacho

94 2530 234 2591 perquam
251 2510 464 2572 commendatus
488 2520 517 2570 et
538 2511 637 2570 urinae
660 2510 839 2588 calculisque
857 2520 886 2570 et
907 2510 1022 2570 harenis
1041 2511 1104 2588 pel-

94 2596 189 2655 lendis
205 2603 234 2654 et
250 2596 368 2654 vesicae
387 2593 553 2673 pruritibus.
589 2602 725 2654 extenuat
741 2603 770 2653 et
786 2593 888 2669 lienis,
905 2594 1042 2654 iocineris
1057 2612 1106 2654 re-

93 2679 228 2755 niumque
243 2679 370 2756 pituitas.
400 2695 499 2737 semen
514 2695 630 2736 menses
645 2677 813 2737 femmarum
829 2677 943 2738 adiuvat
958 2677 1107 2757 bilemque

58 2780 109 2824 soa
122 2771 205 2840 partu
217 2762 318 2822 siccat.
343 2760 426 2820 datur
439 2769 467 2820 et
481 2770 581 2821 contra
593 2761 735 2839 profluvia
747 2761 897 2838 geniturae
909 2764 987 2821 viris.
1013 2758 1106 2836 Chry·

93 2846 194 2923 sippns
211 2854 241 2904 et
257 2845 497 2922 conceptionibus
514 2862 577 2904 eam
593 2854 674 2923 putat
690 2844 825 2904 conferre
840 2845 968 2905 multum.
998 2843 1107 2904 bibitur

93 2931 122 2988 in
137 2930 204 2988 vino
222 2929 334 2988 ieiunis.
365 2928 491 2988 inlinitur
514 2937 545 2987 et
565 2939 665 2988 contra
685 2946 797 2988 venena
818 2931 1007 3002 marinorum,
1030 2930 1105 2987 sicut

92 3011 246 3073 Petrichus
261 3013 290 3071 in
308 3013 435 3072 carmine
452 3029 504 3070 suo
520 3012 674 3087 significat.

158 3093 240 3177 (41.)
261 3095 312 3154 llis
324 3096 510 3155 adnumerant
523 3105 552 3153 et
563 3095 731 3154 siumlatius
743 3095 825 3172 apio,
841 3095 869 3154 in
882 3112 955 3171 aqua
968 3104 1148 3171 nascens&

57 3197 82 3240 aa
93 3181 227 3258 pinguius
239 3179 423 3257 nigriusque,
438 3179 588 3255 copiosum
600 3179 727 3253 semine,
740 3195 848 3256 sapore
860 3180 989 3238 nasturti.
1012 3178 1103 3256 prod-

93 3274 138 3322 est
164 3262 269 3338 urinis,
296 3262 432 3335 renibus,
462 3261 587 3321 lienibus
613 3262 820 3341 mulierumque
848 3263 1011 3336 mensibus,
1040 3263 1102 3321 sive
1136 3334 1140 3342 Ι

93 3347 187 3424 ipsum
202 3348 230 3423 in
249 3345 314 3406 cibo
334 3355 474 3423 sumptum
499 3347 561 3405 sive
578 3346 621 3404 ius
640 3345 755 3414 decocti
771 3347 833 3405 sive
852 3347 961 3407 semine
986 3347 1014 3404 in
1035 3347 1102 3404 vino

93 3429 237 3489 drachmis
253 3428 371 3491 duabus.
404 3428 535 3488 calculos
550 3430 654 3507 rumpit
669 3431 809 3508 aquisque
825 3448 900 3507 quae
914 3432 1038 3506 gignunt
1050 3445 1110 3484 ecs
