2422 3840
353 205 434 252 uun.
452 204 543 252 rursu.
560 207 619 252 xx.
633 201 720 254 4—5.
736 193 889 273 (la-18.)
1075 197 1132 258 193

127 376 208 434 uam,
232 367 261 416 et
282 357 488 435 phagedaenas
504 358 635 418 ulcerum
649 360 724 418 sistit
738 378 844 420 recens
867 379 930 421 oum
944 362 1032 423 melle
1049 364 1131 441 inpo-

127 443 211 501 situm
233 440 282 499 vel
300 440 409 500 aridum
426 441 517 501 iarina
539 442 711 520 inspersum.
746 444 872 504 radicem
896 447 957 505 eius
980 445 1128 507 Dieuches
1140 455 1174 510 31

128 533 228 584 contra
251 524 390 584 iocineris
413 543 448 585 ac
469 525 571 600 lienis,
597 525 691 601 ilium,
715 527 875 586 lumborum
895 538 923 588 et
938 531 1047 588 renium
1063 531 1132 590 vitia

128 627 166 666 ex
180 625 255 685 aqua
272 607 363 668 mulsa
382 607 443 667 dari
458 607 554 685 iubet,
572 605 770 688 Cleophantus
784 619 813 670 et
829 610 1013 686 dysintericis
1025 615 1130 674 veteri·

96 691 190 750 sbus.
223 690 353 750 Philistio
376 691 404 749 in
424 691 499 750 lacte
522 693 620 768 coquit
643 700 672 751 et
689 693 724 752 ad
746 695 936 769 stranguriam
957 695 1005 754 dat
1025 697 1131 759 radicis

125 775 226 835 uncias
244 783 395 853 quattuor,
422 792 459 833 ex
479 791 554 853 aqna
569 773 756 854 hydropicis,
778 776 910 836 similiter
925 786 955 837 et
969 779 1131 855 opisthoto-

125 859 199 918 nicis
224 866 253 916 et
275 857 437 935 pleuriticis
463 867 492 916 et
516 857 718 919 comitialibus.
755 858 897 919 habentes
926 879 989 921 eam
1011 860 1091 920 feriri
1116 881 1132 922 a

126 939 314 1019 serpentibus
336 950 496 1017 negantur,
525 951 572 1001 aut
596 943 731 1019 quiante
755 945 937 1020 gustaverint
960 960 1017 1002 uon
1043 944 1129 1004 laedi.

124 1025 276 1104 percussis
291 1025 436 1102 inponitur
453 1043 515 1084 cum
530 1025 671 1102 axungia,
688 1025 758 1086 lolia
771 1035 871 1086 contra
884 1027 1041 1087 cruditates
1054 1046 1130 1088 man·

89 1129 114 1169 rc
126 1109 238 1169 duntur.
271 1104 405 1186 Orpheus
423 1111 589 1169 amatorium
607 1110 704 1168 inesse
726 1109 891 1188 staphylino
911 1108 997 1186 dixit,
1021 1110 1125 1171 fortas·
1138 1121 1173 1174 32

124 1194 165 1251 sis
190 1191 325 1270 qnoniam
350 1210 490 1252 venerem
512 1192 650 1251 stimulari
671 1193 729 1253 hoc
751 1193 816 1253 cibo
842 1203 951 1254 certum
973 1203 1026 1258 est.
1063 1195 1129 1255 ideo

125 1284 286 1354 conceptus
309 1275 438 1335 adiuvari
461 1275 550 1353 aliqui
566 1276 765 1353 prodiderunt.
795 1276 841 1336 Ad
862 1277 975 1357 reliqua
992 1287 1021 1337 et
1038 1280 1129 1339 sativa

123 1358 228 1439 pollet.
263 1357 413 1420 efficacior
427 1368 522 1418 tamen
537 1359 680 1417 silvestris
694 1360 844 1438 magisque
860 1363 889 1419 in
908 1362 1035 1439 petrosis
1052 1371 1128 1422 nata.

125 1458 225 1502 semen
251 1441 361 1500 sativae
384 1458 501 1520 quoqne
523 1450 623 1501 contra
641 1443 825 1520 scorpionum
850 1443 923 1502 ictus
942 1461 980 1502 ex
997 1445 1064 1503 vino
1082 1454 1130 1503 aut

88 1542 216 1603 rsposca
239 1523 366 1584 salutare
391 1533 446 1584 est.
477 1524 576 1584 radice
597 1526 662 1584 eius
677 1526 890 1604 circumscalpti
908 1526 1009 1587 dentes
1025 1527 1128 1587 dolore

124 1607 294 1667 liberantur.

186 1689 271 1769 (16.)
293 1690 376 1768 Syria
392 1693 420 1751 iu
437 1691 529 1752 hortis
546 1692 765 1770 operosissima,
793 1693 930 1770 venitque
952 1693 980 1751 iu
1003 1709 1123 1771 prover·
1136 1702 1172 1756 33

124 1773 462 1836 hiumGraecis:multa
472 1775 770 1851 Syrorum'olera.
784 1775 953 1836 simillimam
963 1775 1127 1854 staphylino

123 1856 243 1918 herbam
264 1857 335 1919 serit
358 1878 442 1938 quam
461 1860 508 1920 alii
530 1860 680 1938 gingidion
696 1869 818 1936 vocant,
845 1861 959 1920 tenuius
976 1869 1080 1920 tantum
1100 1869 1129 1920 et

86 1943 247 2002 acamarius
271 1943 459 2024 eiusdemque
481 1945 615 2005 effectus.
646 1953 725 2004 estur
747 1953 860 2005 coctum
877 1944 1053 2021 crudumque
1068 1953 1127 2003 stc·

122 2026 217 2086 machi
232 2044 335 2104 magua
351 2029 490 2102 utilitate,
509 2029 600 2087 siccat
612 2029 686 2088 euim
699 2047 736 2087 ex
748 2029 807 2089 alto
821 2029 912 2088 omnis
925 2029 986 2088 eius
998 2045 1124 2088 umores.

188 2109 273 2188 (17.)
300 2111 381 2168 siser
401 2111 556 2169 erraticum
577 2112 669 2170 sativo
684 2111 778 2170 simile
796 2120 841 2170 est
864 2121 893 2170 et
915 2112 1037 2171 effectu:
1064 2122 1122 2172 sto·
1135 2125 1170 2178 34

123 2191 254 2251 machum
276 2193 399 2268 excitat,
426 2192 569 2251 fastidium
597 2192 748 2269 absterget
772 2212 810 2252 ex
831 2201 915 2253 aceto
938 2194 1125 2272 laserpiciato

125 2283 268 2352 sumptum
290 2283 337 2334 aut
356 2293 393 2334 ex
411 2276 513 2355 pipere
538 2284 566 2335 et
581 2275 675 2335 mulso
694 2277 742 2335 vel
764 2294 802 2335 ex
818 2292 899 2352 garo.
932 2277 1041 2334 urinam
1058 2278 1125 2351 ciet,

87 2372 114 2414 25
126 2367 156 2417 nt
172 2356 268 2436 Opicu
285 2358 391 2436 credit,
411 2369 440 2419 et
458 2377 604 2419 venerem.
636 2360 664 2419 in
680 2359 781 2419 eadem
798 2360 940 2418 sententia
955 2367 1042 2418 estet
1057 2359 1125 2418 Dio·

125 2441 203 2517 cles,
230 2453 385 2522 praeterea
411 2443 493 2504 cordi
517 2444 673 2503 convenire
697 2443 963 2503 convalescentium
990 2451 1037 2501 ant
1061 2451 1127 2520 post

123 2524 227 2584 multas
249 2528 421 2586 vomitiones
443 2545 581 2606 perquam
602 2528 681 2587 utile.
711 2526 881 2587 Heraclides
904 2533 1004 2584 contra
1019 2542 1121 2602 argen·
1135 2534 1168 2588 35

124 2617 183 2667 tum
205 2609 300 2668 vivom
323 2610 416 2685 dedit,
444 2619 473 2668 et
495 2611 594 2669 veneri
616 2609 905 2671 subindcoiiensanti
920 2609 1075 2686 aegrisque
1093 2628 1126 2669 se

123 2688 376 2768 recolligentibus.
404 2692 537 2753 llicesius
559 2692 626 2752 ideo
642 2694 792 2754 stomacho
808 2693 907 2754 inutile
927 2692 1019 2752 videri
1042 2694 1123 2768 dixit,

83 2772 260 2852 acquouiam
281 2792 365 2835 nemo
388 2777 440 2834 tris
461 2778 570 2836 siseres
593 2777 705 2839 edendo
723 2778 918 2854 continuaret,
947 2795 1014 2836 esse
1030 2786 1125 2836 tamen

122 2857 195 2917 utile
218 2859 489 2919 convalescentibus
514 2860 549 2920 ad
566 2863 661 2921 vinnm
676 2860 897 2922 transeuntibus.
931 2860 1014 2921 sativi
1030 2861 1124 2937 priva·

123 2943 173 3000 tim
190 2959 277 3002 sucus
290 2960 352 3002 cum
366 2942 443 3003 lacte
460 2945 578 3022 caprino
598 2954 683 3024 potus
700 2945 774 3005 sistit
789 2945 893 3005 alvom.

186 3024 270 3106 (18.)
294 3023 332 3085 Et
345 3028 478 3104 quoniam
494 3027 653 3106 plerosque
669 3028 823 3088 similitudo
839 3028 983 3087 nominum
996 3026 1122 3088 Graeco·
1132 3038 1167 3092 36

123 3126 185 3167 rum
204 3109 372 3186 confundit,
392 3111 570 3170 conteximus
594 3120 623 3171 et
641 3111 678 3170 de
696 3111 758 3186 sili,
783 3112 836 3171 sed
852 3111 909 3170 hoc
925 3120 969 3170 est
989 3112 1124 3188 volgatae

83 3210 112 3251 as
124 3193 252 3254 notitiae.
285 3203 429 3273 optumum
440 3192 639 3270 Massiliense,
653 3194 711 3254 lato
730 3196 803 3253 enim
819 3211 910 3271 grano
926 3204 955 3254 et
970 3195 1050 3255 fulvo
1069 3205 1123 3270 est,

124 3278 281 3339 secuudum
313 3278 518 3357 Aethiopicum
548 3279 674 3355 nigrius,
711 3275 857 3337 Oreticum
894 3278 1124 3338 odoratissimum

125 3362 258 3422 omnium.
282 3364 365 3424 radix
377 3362 490 3438 iucundi
504 3361 602 3422 odoris
620 3370 673 3421 est.
697 3380 796 3421 semen
812 3379 879 3421 esse
896 3370 925 3421 et
939 3360 1068 3420 vultures
1084 3359 1123 3418 di-

125 3452 236 3503 cuutur.
265 3447 384 3523 prodest
403 3446 510 3508 homini
525 3446 560 3506 ad
577 3448 676 3506 tussim
692 3455 842 3521 voterem,
862 3453 972 3520 rupta,
988 3443 1144 3499 souvshss

103 3552 107 3557 ·
175 3536 453 3591 rnru.uur.rusr.lll.
942 3523 989 3580 Ἢ)
