2422 3840
136 168 196 230 178
464 175 494 225 c.
517 178 614 225 autur
637 175 787 225 sucunnr

94 348 144 403 132
217 335 300 413 (40.)
323 332 395 392 beta
416 332 628 392 hortensiorum
650 330 796 392 levissima
820 340 874 390 est.
904 331 966 391 eius
985 347 1141 410 quoquea

136 419 236 480 colore
254 417 311 477 duo
328 434 436 492 genera
453 414 557 476 Graeci
571 415 689 489 faciunt,
706 416 817 491 nigrum
836 423 865 473 et
880 413 1040 489 candidius,
1059 415 1141 493 quod

135 497 1056 582 praeferunt-parcissimiseminis—appellantqueSicufum,
1071 516 1140 558 can·

134 586 213 647 doris
249 600 318 642 sane
355 583 518 643 discrimine
546 581 747 660 praeferentes
783 589 811 640 et
842 581 994 640 lactucam.
1044 583 1142 642 nostri

133 668 219 728 betae
244 685 354 744 genera
379 684 499 726 vernum
526 675 555 725 et
580 665 740 726 autumnale
761 664 884 739 faciunt,
916 665 1165 742 atemporibnss

91 763 143 819 133
153 761 248 826 satus,
271 769 441 828 quamquam
464 759 493 810 et
512 749 593 809 lunio
615 750 730 809 seritur.
758 748 968 808 transferuntur
991 757 1092 809 autem
1113 751 1143 810 in
1209 754 1211 784 l

133 836 230 915 planta
253 833 309 894 hae
332 851 465 912 quoque,
488 842 518 893 et
541 832 631 892 oblini
654 831 721 893 hmo
744 832 859 892 radices
887 849 954 891 suas
980 831 1142 911 locumque
1210 897 1211 918 ,

133 919 264 978 similiter
285 917 427 976 madidum
449 925 552 976 amant.
583 935 650 976 usus
674 916 718 976 his
741 924 770 975 et
786 933 849 975 cum
863 914 988 975 lentibus
1004 933 1039 975 ac
1058 915 1142 993 faba,

133 1002 266 1080 idemque
286 1001 334 1078 qui
356 1000 461 1073 oleris,
489 1009 517 1059 et
538 1001 712 1076 praecipuus
736 1007 766 1057 ut
783 998 886 1058 lenitas
903 999 1048 1058 excitetur
1064 1000 1142 1060 acri-

133 1087 228 1144 monia
249 1083 367 1160 sinapis.
396 1083 501 1142 medici
523 1083 724 1141 nocentiorem
746 1099 831 1159 quam
854 1082 918 1142 olus
941 1100 1008 1141 esse
1027 1083 1140 1143 iudica·
1153 1100 1174 1140 m

132 1185 215 1241 vere,
238 1165 425 1242 quamobrem
440 1167 588 1244 adpositas
601 1182 659 1225 non
672 1166 795 1224 memini.
817 1165 973 1243 degustare
988 1167 1077 1226 etiam
1093 1185 1140 1227 re·

92 1260 142 1316 134
153 1250 224 1326 ligio
247 1257 308 1324 est,
333 1257 363 1308 ut
383 1249 486 1309 validis
507 1250 603 1328 potius
618 1249 647 1307 iu
665 1248 731 1310 cibo
746 1250 811 1308 siut.
841 1250 956 1326 gemina
973 1249 1007 1308 iis
1023 1259 1139 1326 natura,

133 1343 163 1392 et
190 1332 280 1392 oleris
310 1341 339 1391 et
366 1334 461 1411 capite
483 1334 549 1411 ipso
571 1333 732 1393 exsilientis
753 1332 851 1408 bulbi,
884 1334 1004 1411 species
1026 1351 1140 1395 summa

132 1417 161 1476 in
187 1415 344 1475 latitudine.
382 1434 417 1477 ea
446 1418 602 1495 contingit,
628 1426 659 1475 ut
685 1417 713 1475 in
729 1416 868 1491 lactucis,
896 1434 960 1475 cum
982 1419 1140 1494 coeperint

133 1499 265 1560 colorem
292 1499 408 1560 trahere
427 1501 555 1580 inposito
577 1500 636 1561 levi
655 1500 797 1579 pondere.
825 1518 921 1578 neque
946 1500 994 1561 alii
1018 1500 1173 1564 hortea-rs

132 1585 240 1656 siorum
271 1583 390 1644 latitudo
417 1585 517 1644 maior.
555 1585 584 1644 in
608 1583 692 1663 binos
713 1584 806 1662 pedes
825 1583 979 1662 aliquando
1005 1602 1039 1643 se
1067 1602 1139 1663 pan·

132 1667 201 1727 dunt
221 1666 339 1727 multum
359 1675 389 1727 et
410 1668 466 1728 soli
487 1679 586 1729 natura
609 1667 790 1727 conferente.
818 1667 874 1727 hae
895 1667 1012 1746 quidem
1028 1668 1058 1727 in
1075 1666 1139 1728 Cir·

91 1761 141 1814 135
153 1750 263 1810 ceiensi
277 1767 348 1827 agro
365 1751 559 1829 amplissimae
577 1752 759 1829 proveniunt.
789 1752 860 1811 Sunt
876 1752 924 1828 qui
935 1749 1018 1811 betas
1030 1753 1141 1828 punica

132 1834 208 1894 malo
224 1833 347 1893 florente
364 1843 480 1912 optume
497 1836 556 1896 seri
571 1835 751 1910 existiment,
773 1833 922 1894 transferri
938 1844 1049 1909 autem,
1073 1854 1140 1896 cum

134 1919 259 1995 quinque
280 1916 415 1976 foliorum
438 1935 506 1977 esse
528 1919 691 1996 coeperint.
725 1918 796 1977 mira
818 1918 997 1993 differentia,
1023 1919 1173 1980 siveram

133 2009 195 2075 est,
225 1999 352 2059 candidis
373 2001 470 2060 alvom
491 2000 575 2077 elici,
603 2002 692 2078 nigris
712 2000 853 2077 inhiberi,
879 2008 987 2060 etcum
1003 2000 1140 2064 brassica

133 2091 331 2159 corrumpatur
345 2083 374 2142 in
390 2084 469 2146 dolio
485 2086 542 2144 vini
555 2102 653 2164 sapor,
671 2085 791 2144 odorem
803 2084 889 2145 betae
902 2084 982 2145 foliis
993 2084 1140 2147 demersis

132 2166 255 2226 restitui.

91 2258 142 2315 136
210 2246 292 2332 (41.)
310 2251 351 2330 [1]
370 2249 440 2312 Olus
457 2252 617 2330 caulisque,
634 2251 738 2331 quibus
752 2269 828 2311 nunc
841 2252 1021 2330 principatus
1036 2251 1140 2313 horto·

132 2352 208 2409 rum,
231 2334 307 2413 apud
324 2333 455 2396 Graecos
475 2337 504 2395 in
525 2336 638 2396 honore
654 2336 744 2395 fuisse
759 2353 816 2396 non
831 2335 967 2413 reperio,
990 2335 1044 2396 sed
1062 2333 1138 2397 Cato
1149 2349 1174 2390 as

90 2417 152 2503 Ἢ
160 2418 308 2477 brassicae
323 2420 411 2478 miras
426 2420 502 2479 cauit
518 2419 637 2495 laudes,
664 2436 736 2496 quas
751 2420 779 2478 in
792 2417 926 2477 medendi
942 2417 1010 2477 loco
1030 2418 1139 2480 redde·

17 2537 20 2544 ·
132 2519 203 2560 mus.
234 2518 345 2576 genera
365 2503 427 2562 eius
448 2500 533 2562 facit:
556 2503 679 2562 extentis
694 2501 789 2577 foliis,
819 2501 904 2561 caule
919 2517 1040 2577 magno,
1064 2502 1139 2564 alte·

130 2601 192 2642 ram
209 2582 307 2661 crispo
322 2584 410 2662 folio,
429 2603 514 2664 quam
527 2586 657 2664 apiacam
671 2594 772 2662 vocat,
789 2585 902 2644 tertiam
916 2585 1031 2644 minutis
1046 2587 1138 2646 cauli·

91 2675 140 2731 137
152 2665 222 2740 bus,
249 2664 361 2743 lenem,
387 2678 534 2744 teneram,
555 2670 736 2746 minumeque
756 2667 871 2747 probat.
915 2665 1050 2728 Brassica
1074 2677 1139 2730 toto

132 2765 206 2809 anno
228 2749 351 2825 seritur,
364 2746 510 2828 'qnoniam
534 2761 563 2811 et
582 2761 644 2812 toto
659 2761 793 2827 secatur,
817 2752 968 2812 utilissime
987 2760 1085 2811 tamen
1100 2752 1172 2816 abac

132 2831 316 2911 aequinoctio
331 2835 473 2910 autumni,
501 2834 748 2912 transferturque,
773 2852 837 2894 cnm
856 2836 981 2914 quinque
997 2834 1138 2898 foliorum

133 2924 187 2977 est.
221 2931 303 2991 cyma
321 2933 337 2974 a
354 2918 444 2994 prima
462 2919 594 2978 sectione
610 2926 740 2996 praestat
754 2936 897 2995 proxumo
911 2936 992 2978 vere.
1024 2917 1074 2979 hic
1090 2930 1139 2981 est

132 3000 245 3079 quidam
273 3000 401 3077 ipsorum
426 3001 549 3062 caulium
574 3001 726 3062 delicatior
748 3001 934 3080 teneriorque
960 3001 1136 3080 cauliculus,

131 3083 217 3161 Apici
234 3081 365 3143 luxuriae
382 3093 412 3144 et
426 3103 481 3163 per
496 3103 560 3145 eum
575 3084 671 3146 Druso
688 3083 809 3146 Caesari
824 3085 977 3160 fastiditus,
997 3102 1055 3145 nou
1070 3087 1136 3147 siue

90 3177 141 3234 138
151 3165 340 3242 castigatione
357 3166 455 3228 Tiberi
472 3170 571 3248 patris.
616 3169 686 3230 Post
704 3186 815 3245 cymam
830 3187 868 3230 ex
884 3168 986 3229 eadem
1000 3167 1173 3230 brassicam

132 3251 298 3327 contingunt
315 3253 417 3312 aestivi
431 3254 666 3332 autumnalesque
679 3253 830 3328 cauliculi,
850 3251 1054 3327 moxhiberni,
1080 3253 1136 3313 ite-

130 3352 250 3411 rumque
267 3350 378 3411 cpmae,
391 3335 471 3397 nullo
483 3354 577 3416 neque
587 3355 699 3415 genere
708 3337 867 3412 multifero,
879 3336 973 3396 donec
984 3333 1139 3398 fertilitate

130 3436 181 3477 sua
209 3428 399 3479 consumatur.
422 3421 513 3481 altera
530 3423 604 3481 satio
618 3421 653 3481 ab
668 3420 853 3500 aequinoctio
866 3434 956 3478 verno
970 3427 1032 3495 est,
1053 3422 1140 3481 cuius
