2422 3840
153 184 213 246 278
481 193 511 241 c.
528 193 625 239 rann
641 191 791 240 sucuuns

150 351 240 411 densa
264 370 301 410 ex
325 348 449 408 adverso
474 350 548 407 inter
570 366 620 421 se,
648 345 730 405 radix
751 345 839 404 nulla.
884 345 1036 406 umbrosas
1060 355 1163 426 petras

150 438 350 515 parietumque
367 432 539 510 aspergines
561 448 596 490 ac
613 430 733 489 fontium
749 447 880 489 maxume
903 447 1011 507 specus
1029 432 1164 510 sequitur

151 529 179 579 et
202 536 272 578 saxa
293 517 451 591 manantia,
481 515 559 594 quod
581 516 732 588 miremur,
760 530 824 572 curn
851 530 940 589 aquas
963 530 1021 572 non
1043 516 1162 575 sentiat.

107 610 141 664 64
150 600 288 662 calculos
299 619 316 659 e
328 617 454 678 corpore
470 602 541 659 mire
554 596 638 676 pellit
649 598 830 673 frangitque,
847 599 943 674 utique
958 599 1088 675 nigrum,
1107 616 1164 678 qua

149 688 185 746 de
203 703 289 745 causa
305 686 400 762 potius
416 702 499 761 quam
517 682 594 761 quod
609 682 636 740 in
654 681 731 739 saxis
747 689 946 741 nasceretura
962 683 1071 742 nostris
1086 684 1189 750 sarrin

148 770 261 846 inagum
276 769 454 846 appellatum
469 766 653 826 crediderim.
692 762 830 824 bibiture
850 767 917 824 vino
934 775 1070 844 quantum
1087 767 1164 826 terni

148 855 328 930 decerpsere
355 851 446 928 digiti.
489 851 596 910 urinam
618 851 711 923 cient,
735 851 912 927 serpentium
935 858 964 909 et
988 867 1165 910 araneorum

149 937 270 996 venenis
286 937 439 1012 resistunt,
463 935 492 994 in
507 937 574 992 vino
592 932 708 993 decocti
730 933 826 992 alvom
842 934 954 992 sistunt.
989 935 1094 1012 capitis
1111 934 1162 994 do·

149 1022 229 1080 lores
250 1036 359 1079 corona
375 1038 413 1078 ex
434 1020 468 1077 iis
485 1018 578 1079 sedat.
621 1026 721 1076 contra
737 1017 953 1095 scolopendrae
968 1035 1084 1077 morsus
1100 1018 1163 1078 inli-

149 1113 270 1177 nuntur,
294 1103 399 1162 crebro
417 1100 566 1161 auferendi
588 1119 625 1160 ne
648 1109 801 1178 perurant,
823 1101 880 1160 hoc
904 1110 934 1161 et
954 1101 983 1160 in
1004 1102 1161 1180 alopeciis.
1172 1123 1195 1164 uo

152 1197 273 1246 strumas
298 1186 452 1245 discutiunt
472 1185 657 1263 furfuresque
681 1185 708 1243 in
732 1183 808 1244 facie
823 1194 861 1244 'et
888 1186 990 1263 capitis
1018 1188 1163 1247 manantia

107 1270 259 1333 65ulcera.
298 1271 451 1330 decoctum
477 1288 514 1329 ex
537 1269 582 1328 his
604 1267 725 1346 prodest
746 1269 914 1346 suspiriosis
935 1278 966 1346 et
987 1270 1113 1330 iocineri
1135 1279 1164 1330 et

151 1355 219 1414 lieni
236 1363 263 1413 et
278 1354 348 1413 felle
363 1353 491 1414 subfusis
506 1362 535 1413 et
549 1353 728 1430 hydropicis.
767 1355 947 1429 stranguriae
960 1353 1120 1414 inlinuntur
1134 1362 1163 1414 et

149 1437 267 1498 renibus
285 1456 348 1498 cum
365 1437 517 1498 absinthio.
551 1437 695 1497 secundas
717 1436 795 1495 cient
809 1446 838 1496 et
853 1446 1009 1498 menstrua.
1044 1440 1161 1516 sangui·

150 1541 214 1582 nem
233 1523 336 1581 sistunt
359 1541 397 1581 ex
419 1531 503 1581 aceto
525 1531 574 1581 aut
597 1519 660 1579 rubi
684 1536 754 1579 suco
779 1522 850 1598 poti.
896 1522 1020 1581 infantes
1042 1539 1194 1600 quoquest

150 1605 311 1665 exulcerati
329 1615 527 1683 perunguntur
543 1623 581 1664 ex
597 1606 631 1664 iis
647 1621 710 1662 cum
726 1621 851 1664 rosaceo
868 1614 897 1665 et
913 1607 980 1665 vino
997 1608 1086 1684 prius.
1119 1607 1162 1666 fo·

149 1690 216 1749 lium
233 1690 260 1748 iu
276 1691 357 1749 urina
372 1691 454 1767 pueri
472 1688 604 1768 inpubis,
622 1689 718 1747 tritum
735 1687 850 1767 quidem
867 1708 929 1749 cum
945 1690 1117 1767 aphronitro
1134 1699 1163 1750 et

149 1773 257 1833 inlitum
270 1773 362 1832 ventri
374 1773 524 1834 mulierum
538 1791 575 1831 ne
587 1789 711 1848 rugosus
728 1771 777 1831 liat
790 1783 941 1852 praestare
957 1774 1071 1833 dicitur.
1094 1793 1161 1853 per·

149 1857 230 1916 dices
249 1865 280 1915 et
298 1856 478 1932 gallinaceos
495 1858 690 1936 pugnaciores
706 1855 768 1914 lieri
784 1866 883 1934 putant
902 1859 930 1916 in
948 1857 1042 1917 cibum
1059 1876 1161 1919 eorum

149 1938 271 2013 additis,
291 1941 453 2017 pecorique
469 1957 536 1998 esse
552 1940 732 1999 utilissimos.
1169 1955 1194 1996 ao

106 2033 141 2088 66
213 2021 262 2080 22.
289 2021 374 2100 (31.)
396 2022 487 2082 Pieris
503 2021 539 2082 ab
556 2023 659 2100 insigni
674 2023 860 2084 amaritudine
876 2026 1115 2101 cognominatur,
1132 2033 1162 2084 ut

105 2105 135 2145 ²¹·
150 2102 183 2137 ¹⁰⁵
198 2104 335 2179 diximus,
359 2105 431 2165 lolio
447 2106 580 2168 rotundo.
619 2107 697 2166 tollit
716 2108 821 2168 eximie
841 2125 989 2168 verrucas.
1022 2107 1162 2169 Thasium

149 2206 265 2267 quoque
288 2206 347 2248 non
368 2191 499 2249 dissimili
521 2192 706 2251 amaritudine
723 2200 784 2267 est,
805 2193 858 2252 scd
873 2201 978 2270 purgat
993 2192 1110 2268 alvom,
1134 2194 1163 2250 in

149 2290 233 2350 quem
249 2291 330 2333 usum
346 2276 447 2333 teritur
464 2293 501 2334 ex
516 2293 600 2352 aqua.
1007 2304 1010 2308 2

103 2366 138 2421 ,67
211 2356 294 2434 (32.)
315 2357 514 2435 hsphodelum
531 2359 567 2417 de
586 2359 753 2418 clarissimis
773 2358 944 2433 herbarum,
966 2368 998 2418 ut
1013 2359 1093 2436 quod
1110 2359 1193 2419 beas

147 2458 229 2500 rcum
250 2440 337 2517 aliqui
358 2441 588 2519 appellaverint,
608 2441 755 2502 Hesiodus
778 2444 853 2501 etin
875 2443 956 2502 silvis
977 2444 1060 2502 nasci
1076 2443 1160 2517 diruit,

147 2523 304 2596 Dionysius
331 2541 438 2584 marem
461 2543 496 2586 ac
516 2526 649 2586 feminam
669 2544 753 2601 esse,
784 2527 908 2586 delectis
932 2525 1111 2604 corporibus
1133 2537 1162 2587 et

149 2605 300 2684 phthisicis
316 2618 430 2667 constat
448 2608 553 2668 bulbos
575 2611 638 2669 eius
656 2628 719 2669 cum
736 2612 827 2671 tisana
850 2611 992 2670 decoctos
1007 2612 1162 2687 aptissime

147 2690 224 2765 dari,
241 2707 403 2768 panemque
419 2710 456 2752 ex
469 2693 504 2752 iis
520 2710 582 2751 cum
597 2693 688 2754 farina
704 2693 831 2753 subactis
846 2693 1067 2753 saluberrimum
1080 2713 1162 2756 esse.

147 2771 293 2832 Nicander
309 2784 337 2834 et
352 2785 453 2835 contra
468 2777 614 2854 serpentis
630 2795 666 2836 uc
686 2779 859 2856 scorpiones
876 2778 925 2837 vel
941 2778 1055 2837 caulem
1072 2795 1194 2857 quernos

105 2881 135 2925 ιι,
147 2882 181 2918 ros
197 2857 375 2917 anthericum
390 2860 557 2918 vocavimus
573 2860 621 2920 vel
638 2878 737 2920 semen
753 2861 801 2921 vel
821 2861 925 2921 bulbos
947 2861 1026 2922 dedit
1043 2863 1073 2922 iu
1092 2865 1161 2924 vino

105 2941 236 3000 68tribus
250 2941 392 3001 drachmis
407 2941 622 3019 substravitque
637 2961 739 3004 somno
754 2955 854 3005 contra
868 2945 924 3005 hos
936 2956 1040 3006 metus.
1075 2947 1162 3008 datur

148 3033 177 3083 et
195 3033 296 3083 contra
313 3034 456 3084 venenata
470 3028 578 3086 marina
593 3036 623 3086 et
644 3037 744 3088 contra
767 3028 980 3109 scolopendras
995 3034 1161 3092 terrestris.

147 3107 269 3166 cocleae
280 3108 351 3167 mire
366 3111 393 3167 in
407 3107 563 3186 Campania
577 3111 690 3171 caulem
701 3130 766 3171 eum
777 3122 969 3190 persecuntur
981 3123 1010 3175 et
1023 3117 1161 3193 sugendo

146 3190 315 3250 arefaciunt.
334 3192 403 3252 folia
419 3210 536 3271 quoque
550 3195 704 3255 inlinuntur
714 3205 922 3258 venenatorum
934 3198 1106 3260 volneribus
1124 3221 1193 3265 exau

145 3275 228 3350 vino,
250 3273 329 3334 bulbi
345 3277 443 3336 nervis
467 3279 653 3356 articulisque
677 3298 741 3340 curn
758 3281 876 3358 polenta
893 3283 969 3342 tunsi
991 3283 1161 3347 inlinuntur.

143 3359 267 3434 prodest
282 3367 312 3418 et
328 3362 454 3421 concisis
468 3380 505 3420 ex
521 3372 605 3422 aceto
621 3361 751 3424 lichenas
773 3364 896 3441 fricare,
918 3367 985 3425 item
1006 3367 1163 3430 ulceribus

130 3444 379 3518 putrescentibus
402 3464 439 3509 ex
456 3463 530 3530 aqua
544 3447 704 3528 inponere,
726 3465 909 3509 mammarum
926 3467 1044 3528 quoque
1070 3463 1102 3514 et
1118 3464 1162 3515 te-
