2422 3840
288 193 731 248 uar.u1sr.xvu1.ao-31.
755 185 908 262 (ιι-ιι.)
1047 189 1106 249 145
1177 194 1181 199 ·

102 357 134 412 ct
156 351 189 410 ia
202 356 294 428 purte
314 349 443 427 Africae,
465 358 531 411 ante
553 351 647 410 onmia
669 359 701 410 ut
720 352 802 411 sicco
818 352 884 411 solo
906 352 975 412 liant
997 363 1106 432 curant,

101 452 170 494 mox
185 441 215 493 ut
230 434 315 512 palea
328 433 538 494 substernatur.
564 442 719 510 praetcrea
736 452 799 494 cam
812 437 895 513 spica
910 453 962 496 sua
979 435 1105 496 condun-

102 527 156 576 tur.
188 519 226 577 ita
242 517 384 577 frumenta
399 519 423 577 si
440 517 536 576 nullus
552 517 669 595 spiritus
685 527 830 596 penetret,
850 527 960 579 certum
976 520 1106 580 estnihil

101 600 262 660 maleficum
276 602 367 660 nasci,
390 601 485 660 Varro
501 609 603 660 auctor
617 609 663 661 est
677 602 721 660 sic
737 602 882 661 conditum
893 604 1019 663 triticum
1034 604 1083 663 du·
1096 612 1148 668 cot

76 701 167 746 crare
180 684 261 743 annis
282 685 501 763 quinquaginta,
528 684 635 743 milium
654 701 727 744 vero
748 694 880 762 centum,
902 684 997 745 iaham
1016 696 1045 746 et
1064 688 1105 747 le·

101 767 215 844 gumina
232 768 260 827 in
277 768 396 827 oleariis
419 767 500 827 cadis
523 766 613 827 oblita
640 768 739 826 cinere
767 767 857 844 longo
882 776 1015 847 tempore
1040 789 1101 830 ser·

100 852 178 926 vari,
203 850 279 910 idem
303 850 399 910 labam
422 869 437 910 a
458 850 560 925 Pyrrhi
585 851 665 927 regis
689 859 786 910 aetate
811 852 840 910 in
866 851 991 929 quodam
1012 870 1111 930 specu

100 933 274 993 Ambraciae
302 952 393 1012 usque
415 934 451 993 ad
468 934 619 1011 piraticum
646 933 766 1012 Pompei
792 933 889 1010 Magni
917 933 1026 994 bellum
1054 936 1103 996 du-

100 1034 183 1075 rasse
209 1018 289 1076 annis
312 1019 430 1077 circiter
447 1029 549 1078 coxa.
586 1015 683 1078 (liceri
704 1026 811 1077 tantum
827 1017 926 1078 nullae
943 1017 1147 1084 bestiolaesos

66 1101 128 1162 min
151 1100 267 1160 horreis
285 1102 478 1161 innascuntur.
510 1110 575 1160 suut
594 1102 642 1179 qui
662 1103 759 1162 urceis
785 1103 875 1161 cineri
897 1101 1050 1162 substratis
1075 1113 1105 1163 et

99 1183 186 1243 inlitis
211 1193 324 1244 acetum
349 1185 520 1245 habentibus
544 1185 719 1260 leguminum
741 1202 866 1246 acervos
882 1185 1105 1263 superingerant

98 1268 137 1327 ita
162 1285 219 1326 non
233 1271 314 1329 nasci
330 1268 474 1328 maleficia
496 1269 667 1346 credentes,
694 1267 742 1330 alii
761 1271 808 1347 qui
829 1270 857 1328 in
878 1270 1103 1331 salsamentariis

99 1351 178 1410 cadis
199 1369 294 1430 gypso
316 1352 449 1426 inlinant,
476 1352 525 1410 alii
548 1351 597 1429 qni
616 1352 726 1411 lentem
741 1361 827 1412 aceto
847 1353 1034 1430 laserpiciato
1057 1372 1102 1414 re·

98 1443 238 1514 spargant
253 1435 450 1513 siccatamque
465 1434 533 1493 oleo
550 1442 685 1510 unguant.
705 1434 759 1494 sed
776 1434 947 1494 brevissima
963 1434 1102 1495 observa-

64 1519 138 1577 rctio
165 1518 243 1596 quod
257 1519 334 1577 vitiis
357 1535 459 1578 carere
476 1517 551 1576 velis
565 1516 720 1576 interlunio
747 1517 860 1593 legere.
891 1535 981 1594 quare
1004 1519 1101 1597 pluru-

98 1619 173 1660 mum
188 1601 280 1660 refert
295 1600 422 1661 condere
439 1602 503 1679 quis
519 1601 600 1660 malit
616 1617 651 1659 an
671 1600 809 1669 vendere.
851 1610 1006 1660 crescente
1027 1603 1101 1661 enim

99 1685 165 1744 luna
182 1685 323 1744 immenta
340 1684 545 1762 grandescunt.

162 1769 212 1830 31.
237 1768 321 1846 (74.)
342 1768 480 1846 Sequitur
502 1787 540 1828 ex
553 1766 694 1827 divisione
709 1776 871 1846 temporum
895 1777 1044 1828 autumnus
1065 1777 1146 1834 abab

97 1851 230 1913 fidiculae
247 1868 355 1912 occasu
368 1852 403 1912 ad
418 1852 631 1930 aequinoctium
647 1868 682 1911 ac
698 1849 802 1911 deinde
814 1851 1000 1928 vergiliarum
1017 1870 1101 1912 occa·

60 1952 159 1995 ausum
175 1937 343 2014 initiumque
369 1932 483 1996 hiemis.
516 1936 544 1994 in
571 1931 616 1995 his
641 1934 802 1996 intervallis
825 1936 987 2013 significant
1008 1937 1102 2013 pridie

96 2020 159 2080 idus
176 2019 251 2097 Aug.
273 2019 388 2079 Atticae
410 2037 480 2079 eous
502 2021 600 2079 oriens
616 2020 750 2097 vesperi,
777 2019 915 2098 Aegypto
931 2027 961 2079 et
982 2016 1102 2079 Caesari

91 2103 249 2181 delphinus
266 2102 414 2162 occidens.
432 2116 480 2161 xt.
496 2103 614 2162 kalend.
630 2102 810 2180 Septembris
827 2100 947 2163 Caesari
964 2111 993 2161 et
1008 2102 1100 2179 Assy·

96 2186 157 2244 riae
183 2184 269 2244 stella
286 2202 361 2263 quae
377 2185 550 2244 vindemitor
578 2186 744 2263 appellatur
764 2186 872 2246 exoriri
893 2203 976 2246 mane
1001 2187 1102 2265 incipit

95 2260 257 2328 vindemiae
280 2269 472 2328 maturitatem
493 2269 672 2345 promittens.
705 2268 767 2327 eius
793 2277 991 2345 argumentum
1019 2279 1102 2329 erunt

61 2353 171 2411 suacini
189 2350 291 2412 colore
307 2353 415 2411 mutati.
445 2351 585 2425 Assyriae
600 2365 633 2411 v.
649 2350 790 2411 kalendas
813 2360 844 2410 et
865 2352 971 2428 sagitta
994 2352 1102 2412 occidit

96 2444 125 2494 et
149 2437 259 2496 etesiae
285 2436 427 2496 desinunt
464 2434 639 2494 vindemitor
664 2435 801 2513 Aegypto
827 2435 910 2494 nonis
940 2435 1079 2510 exoritur,
1092 2444 1144 2499 310

95 2519 210 2581 Atticae
229 2529 361 2580 arcturus
386 2520 539 2594 matutino,
567 2527 596 2578 et
611 2520 716 2595 sagitta
734 2518 840 2577 occidit
863 2535 956 2578 mane.
987 2531 1019 2577 v.
1036 2518 1100 2578 idus

95 2603 275 2679 Septembris
301 2600 421 2662 Caesari
444 2602 559 2680 capella
585 2603 677 2662 oritur
700 2602 835 2679 uesperi,
869 2610 1000 2661 arcturus
1027 2619 1099 2661 vero

94 2685 205 2744 medius
222 2685 314 2763 pridie
334 2686 399 2745 idus
415 2685 669 2745 vehementissimo
691 2685 852 2762 significatu
874 2694 951 2745 terra
970 2687 1099 2765 marique

59 2793 87 2834 ³0
98 2786 150 2846 per
165 2768 227 2827 dies
244 2770 379 2847 quinque.
410 2770 484 2829 ratio
501 2769 563 2828 eius
578 2769 653 2829 haec
666 2769 803 2829 traditur:
835 2771 860 2829 si
875 2769 1012 2847 delphino
1028 2787 1077 2829 oc·
1089 2779 1139 2833 311

96 2852 209 2912 cidente
229 2852 336 2911 imbres
351 2852 468 2928 luerint,
491 2871 548 2913 non
564 2853 716 2913 defuturos
730 2871 784 2931 per
800 2862 952 2912 arcturum.
987 2854 1099 2929 signum

96 2935 215 2995 orientis
232 2935 294 2995 eius
310 2936 414 2996 sideris
430 2946 564 2996 servetur
579 2937 759 2998 hirundinum
775 2936 885 3012 abitus,
909 2954 1032 3014 namque
1048 2937 1097 2996 de·

95 3019 258 3099 prehensae
271 3020 424 3079 intereunt.
455 3033 526 3080 XVI.
545 3019 686 3081 kalendas
703 3019 840 3080 Octobris
857 3019 996 3098 Aegypto
1017 3021 1098 3099 spica

95 3121 178 3183 quam
193 3112 273 3163 tenet
283 3104 369 3180 uirgo
385 3105 515 3163 exoritur
531 3105 667 3164 matutino
685 3105 855 3182 etesiaeque
871 3104 1014 3164 desinunt.
1040 3104 1097 3164 hoo

59 3210 85 3251 as
95 3188 170 3247 idem
187 3185 307 3248 Caesari
323 3200 413 3247 xntl.
429 3186 586 3262 kalendas,
613 3201 689 3247 1111.
707 3187 849 3263 Assyriae
866 3187 1042 3265 significant,
1068 3197 1097 3247 et

94 3284 141 3330 XI.
159 3271 299 3331 kalendas
314 3269 434 3332 Caesari
449 3271 636 3331 commissura
652 3271 774 3350 piscium
789 3271 928 3331 occidens
945 3273 1096 3350 ipsumque

95 3356 258 3432 aequinocti
281 3356 360 3416 sidus
379 3368 453 3414 vm.
470 3353 610 3414 kalendas
625 3353 773 3414 Octobris.
804 3355 870 3416 dein
885 3355 1077 3430 consentiunt,
1088 3363 1140 3417 31a

95 3437 172 3514 quod
187 3448 232 3498 est
247 3456 352 3514 rarum,
376 3437 541 3517 Philippus,
567 3435 730 3517 Callippus,
753 3437 936 3509 Dositheus„
953 3437 1104 3494 Parnm&-

136 3539 204 3577 nmu.
219 3541 281 3580 nar·
295 3542 363 3583 urst.
381 3527 426 3583 lll.
