2422 3840
115 189 174 251 too
456 199 485 248 c.
503 200 599 248 emm
617 198 768 248 succum

112 352 298 428 cartilagine,
327 351 382 410 alia
405 369 507 428 carne,
535 353 591 412 alia
611 360 747 432 utroque,
772 353 828 414 alia
847 353 960 414 cortice
983 363 1033 417 aut
1054 365 1123 417 cute

113 447 141 496 et
157 436 338 512 cartilagine,
357 435 412 494 alia
424 436 527 494 tunicis
543 438 682 496 carnosis.

69 533 99 586 61
177 519 260 598 (22.)
283 519 412 579 Aliorum
427 519 538 578 fructus
556 521 584 578 in
599 529 676 580 terra
688 528 744 597 est,
760 520 880 580 aliorum
893 529 923 579 et
937 529 1030 598 extra,
1048 523 1123 584 alio·
1190 516 1196 529 ’

111 623 173 664 rum
190 604 316 662 nonnisi
332 611 424 663 extra.
459 603 597 682 quaedam
614 605 710 663 iacent
726 612 935 682 crescuntque,
962 614 993 664 ut
1014 624 1123 668 cucur·

112 689 188 748 bitae
205 697 234 747 et
250 689 387 747 cucumis.
419 687 520 747 eadem
537 687 673 766 pendent,
690 705 859 766 quamquam
874 691 1012 764 graviora
1027 691 1146 753 multos

112 775 196 832 etiam
212 774 245 830 iis
263 790 336 849 quae
352 773 380 830 in
395 771 546 831 arboribus
557 774 724 848 gignuntur,
741 771 792 831 sed
805 773 931 831 cucumis
945 774 1124 852 cartilagine

112 867 140 916 et
156 874 243 916 carne
260 864 382 931 constat,
399 855 546 915 cucurbita
563 858 672 915 cortice
688 864 717 916 et
729 856 909 931 cartilagine.
936 865 1043 917 cortex
1054 857 1125 920 huic

69 943 157 1006 cauni
172 941 333 1000 maturitate
349 941 449 998 transit
465 941 493 1004 in
513 939 629 1015 lignum.
659 949 736 999 terra
759 939 917 998 conduntur
933 940 1057 1020 raphani
1072 961 1123 1003 na·

113 1027 200 1104 pique
222 1032 251 1082 et
271 1040 356 1100 rapa,
378 1031 464 1100 atque
482 1023 538 1082 alio
566 1023 652 1082 modo
679 1022 791 1099 inulae,
821 1024 912 1099 siser,
940 1026 1123 1103 pastinacae.

113 1106 251 1186 quaedam
270 1105 437 1165 vocabimus
459 1106 621 1182 ferulacea,
649 1115 678 1165 ut
701 1115 828 1183 anetum,
844 1107 961 1166 malvas.
993 1127 1158 1188 namquero

112 1191 225 1251 tradunt
237 1198 371 1248 auctores
388 1191 416 1248 in
427 1189 535 1249 Arabia
547 1190 656 1250 malvas
667 1199 799 1268 septumo
811 1208 910 1250 mense
923 1190 1123 1254 arborescere

70 1287 104 1340 63
113 1274 336 1351 baculorumque
356 1291 436 1332 usum
455 1273 608 1351 praebere.
642 1274 778 1351 exemplo
796 1283 840 1333 est
861 1273 947 1333 arbor
963 1276 1081 1337 malvae
1094 1278 1124 1336 in

112 1359 287 1419 Mauretania
298 1357 360 1416 Lini
378 1358 477 1437 oppidi
494 1359 648 1433 aestuario,
667 1357 715 1417 ubi
729 1357 920 1436 Hesperidum
934 1357 1011 1418 horti
1027 1360 1123 1420 fuisse

63 1440 66 1445 ’
113 1441 269 1522 produntur
283 1453 324 1501 co
339 1459 415 1520 pass.
443 1442 479 1501 ab
496 1459 622 1518 oceano,
640 1443 716 1501 iuxta
732 1440 883 1501 delubrum
899 1441 1035 1502 Herculis
1051 1445 1123 1504 anti·

114 1528 196 1604 quius
214 1525 369 1600 Gaditano,
389 1535 428 1584 ut
443 1526 547 1586 lerunt.
581 1528 644 1605 ipsa
661 1525 813 1584 altitudinis
831 1525 935 1603 pedum
949 1539 1016 1602 xx,
1040 1545 1122 1588 cras·
1133 1549 1156 1590 rt

113 1609 242 1669 situdinis
267 1627 351 1687 quam
374 1610 571 1689 circumplecti
596 1627 680 1668 nemo
706 1611 808 1688 possit.
843 1609 977 1668 insimili
1005 1628 1122 1687 genere

112 1693 262 1752 habebitur
277 1702 306 1752 et
325 1693 470 1753 cannabis.
507 1712 635 1753 necnon
651 1701 679 1751 et
699 1710 821 1752 carnosa
839 1693 933 1770 aliqua
954 1692 1123 1772 appellabi-

112 1796 190 1853 mus,
212 1786 242 1835 ut
265 1794 412 1855 spongeas
427 1779 455 1836 in
473 1795 571 1836 umore
594 1785 739 1854 pratorum
757 1778 929 1836 enascentis.
962 1777 1123 1854 fungorum

71 1883 98 1925 n
114 1882 138 1940 ³¹,
161 1862 236 1920 enim
261 1859 389 1918 callum
381 1879 408 1917 1n
426 1861 496 1936 ligni
513 1861 705 1939 arborumque
726 1869 825 1919 natura
846 1859 983 1938 diximus,
1008 1869 1039 1920 et
1062 1861 1122 1921 alio

70 1968 110 2000 sa
101 1976 141 2011 qq.
156 1962 266 2020 genere
284 1941 414 2002 tuberum
429 1944 516 2022 paulo
532 1953 608 2004 ante.
1131 1968 1156 2010 qq

70 2040 105 2094 64
176 2025 309 2105 (523)
334 2025 539 2104 Cartilaginum
554 2029 672 2103 generis
693 2037 832 2106 extraque
848 2037 953 2087 terram
967 2035 1015 2086 est
1033 2045 1122 2088 cucu-

112 2113 165 2171 mis
186 2111 256 2169 mira
277 2111 426 2189 voluptate
442 2111 558 2171 'liberio
579 2112 703 2191 principi
726 2113 880 2191 expetitus.
913 2110 993 2170 nullo
1010 2111 1124 2191 quippe

112 2213 169 2256 non
191 2194 238 2253 die
264 2195 384 2272 contigit
406 2196 432 2254 ei
453 2196 572 2275 pensilis
595 2213 695 2256 eorum
717 2195 817 2255 hortos
835 2192 1079 2274 promoventibus
1094 2197 1125 2255 in

112 2280 205 2340 sulem
222 2279 293 2338 rotis
311 2279 464 2339 olitoribus
478 2299 634 2359 rursusque
652 2279 780 2338 hibernis
803 2277 905 2338 diebus
922 2278 998 2338 intra
1013 2296 1123 2357 specu·

111 2365 212 2425 larium
223 2366 393 2424 munimenta
409 2363 625 2424 revocantibus.
657 2364 724 2440 quin
750 2371 778 2422 et
801 2362 877 2421 lacte
898 2361 992 2421 mulso
1008 2364 1157 2428 seminem

113 2467 211 2508 eorum
229 2448 315 2507 biduo
332 2457 478 2506 macerato
494 2447 568 2526 apud
585 2447 717 2525 antiquos
733 2446 872 2506 Graeciae
893 2447 1123 2513 auctoresscri·

69 2541 102 2595 65
112 2541 189 2610 ptum
205 2541 249 2590 est
265 2533 322 2590 seri
339 2540 494 2610 oportere,
518 2540 547 2590 ut
562 2531 709 2591 dulciores
725 2530 802 2589 fiant.
836 2536 972 2589 crescunt
988 2546 1046 2606 qua
1071 2547 1122 2590 co·

114 2624 219 2691 guntur
234 2614 336 2691 forma,
352 2616 379 2672 in
395 2614 477 2674 ltalia
493 2615 602 2674 virides
618 2624 646 2675 et
661 2633 745 2693 quam
759 2615 886 2688 minumi,
911 2614 939 2671 in
959 2614 1123 2691 provinciis

113 2717 195 2777 quam
205 2699 327 2757 maxumi
343 2708 371 2757 et
390 2700 479 2757 cerini
491 2707 538 2758 aut
549 2700 633 2774 nigri.
648 2698 765 2777 placent
777 2697 971 2777 copiosissimi
984 2695 1121 2772 Africae,

111 2782 293 2859 grandissimi
303 2781 440 2840 ltloesiae.
465 2800 528 2840 curu
539 2781 733 2856 magnitudine
742 2798 909 2859 excessere,
922 2798 1060 2859 pepones
1071 2798 1122 2842 vo·
1132 2802 1156 2844 st

113 2875 220 2926 cantur.
243 2866 343 2923 vivont
351 2863 443 2922 hausti
454 2865 482 2921 in
494 2863 643 2922 stomacho
656 2864 684 2922 in
697 2873 844 2942 posterum
855 2864 940 2940 diem,
951 2881 1008 2924 nec
1017 2866 1123 2944 perlici

113 2959 220 3026 queunt
233 2950 262 3007 in
278 2948 360 3023 cibis,
371 2965 429 3007 non
439 2947 601 3007 insalubres
614 2956 709 3006 tamen
724 2948 893 3025 plurumum.
908 2955 1010 3007 natura
1022 2947 1123 3008 oleum

69 3041 103 3095 66
111 3033 200 3092 odere
212 3035 298 3109 mire,
315 3050 370 3091 nec
382 3033 474 3090 minus
486 3049 576 3110 aquas
591 3031 723 3108 diligunt,
742 3030 852 3090 desecti
867 3048 991 3110 quoque.
1015 3030 1054 3092 ad
1072 3051 1124 3093 eas

112 3116 223 3175 modice
239 3116 367 3176 distantis
382 3115 533 3194 adrepunt,
551 3124 651 3176 contra
665 3115 760 3174 oleum
776 3115 924 3192 refugiunt
941 3122 997 3191 aut,
1012 3117 1037 3174 si
1053 3115 1125 3195 quid

118 3200 223 3277 obstet,
235 3200 283 3258 vel
296 3201 319 3258 si
333 3201 492 3279 pendeant,
506 3208 659 3260 curvantur
669 3201 938 3278 intorquenturque.
961 3196 991 3257 id
1002 3199 1053 3258 vel
1065 3218 1124 3263 una
1133 3224 1158 3268 ss

110 3293 199 3345 nocte
214 3283 452 3364 deprehenditur,
473 3285 497 3342 si
512 3303 564 3344 vas
581 3301 644 3342 cum
658 3301 733 3362 aqua
755 3282 930 3359 subiciatur,
951 3298 967 3341 a
983 3291 1126 3360 quattuor

113 3368 267 3446 digitorum
285 3368 437 3429 intervallo
455 3366 696 3428 descendentibus
714 3376 780 3428 ante
792 3374 941 3446 posterum
952 3364 1041 3443 diem,
1060 3370 1126 3429 atsi

110 3452 207 3519 oleum
223 3453 326 3514 eodem
341 3451 429 3524 modo
445 3453 490 3531 sit,
506 3452 535 3511 in
548 3452 649 3513 hamos
665 3451 812 3535 curvatis.
837 3449 923 3510 iidem
943 3449 973 3508 in
995 3449 1128 3515 fistulam
