2422 3840
329 219 603 268 usn.m1su.xv1.
620 217 740 271 samso.
757 208 831 287 (76.)
1022 209 1062 270 37

66 347 289 433 aestimantibus.
311 370 375 432 Fuit
382 374 518 434 memoria
532 383 630 433 nostra
644 373 881 453 etin‘portioibus
897 382 1044 452 septorum
1052 386 1101 439 201

66 474 83 516 a
100 454 138 516 Μ.
155 455 285 534 Agrippa
306 455 408 517 relicta
428 475 521 536 aeque
538 457 667 517 miraculi
684 475 786 532 causa,
809 475 883 535 quae
898 457 1060 517 diribitorio

65 540 265 617 superfuerat,
282 553 331 599 xx
345 539 468 618 pedibus
482 540 617 617 brevior,
641 540 838 619 sesquipedali
861 540 1059 601 crassitudine.

64 622 157 681 Abies
182 622 376 682 admirationis
404 626 579 702 praecipuae
606 625 669 684 visa
696 633 741 684 est
768 627 795 683 iu
820 642 895 683 nave
924 642 998 702 quae
1023 643 1061 684 ex

39 726 52 767 s
66 706 204 785 Aegypto
221 704 272 765 (lai
288 708 426 785 principis
437 709 516 767 iussn
531 707 690 768 obeliscum
705 710 733 767 in
747 708 887 768 Vaticano
905 710 983 767 circo
1002 718 1058 768 sta·

62 798 154 850 tutum
175 797 366 868 quattuorque
392 800 509 850 truncos
531 792 637 870 lapidis
658 792 785 851 eiusdem
806 791 841 850 ad
865 791 1059 850 sustinendum

64 890 129 934 eum
153 872 285 949 adduxit,
313 891 387 950 quae
413 892 485 934 nave
510 876 578 935 nihil
609 874 802 934 admirabilius
825 875 915 933 visum
938 875 1058 932 inmari

65 964 174 1016 certum
200 964 254 1015 est.
285 959 358 1024 {ti-x
382 959 542 1019 modiorum
566 959 651 1018 lentis
680 976 733 1036 pro
762 957 882 1017 saburra
911 959 938 1016 ei
964 956 1057 1016 lucre.

63 1039 225 1116 longitudo
240 1043 362 1118 spatium
376 1043 498 1120 optinuit
508 1060 611 1119 magna
628 1051 760 1120 exparte
777 1039 918 1100 Ostiensis
935 1049 1037 1119 portus
1049 1050 1100 1104 202

27 1143 54 1184 10
63 1124 158 1183 latere
173 1123 268 1183 laevo.
289 1126 328 1184 ibi
340 1123 461 1203 namque
472 1126 605 1186 demersa
622 1134 667 1184 est
681 1143 697 1184 a
711 1123 831 1184 Claudio
846 1125 977 1204 principe
995 1141 1057 1183 cum

63 1205 154 1266 tribus
178 1207 301 1268 molibus
321 1211 438 1269 turrium
461 1209 608 1269 altitudine
631 1210 659 1267 in
680 1227 715 1269 ea
743 1209 940 1269 exaedificatis
963 1207 1058 1267 obiter

62 1289 221 1350 Puteolano
238 1291 359 1368 pulvere
375 1291 574 1371 advectisque.
600 1292 712 1352 arboris
725 1293 787 1350 eius
800 1291 961 1351 crassitudo
978 1301 1057 1368 quat-

62 1373 278 1433 tuorhominum
290 1375 372 1435 ulnas
384 1375 627 1453 conplectentium
640 1374 777 1454 inplebat,
786 1375 935 1452 volgoque
947 1374 1058 1434 auditur

63 1457 212 1533 octoginta
233 1474 374 1516 nummum
396 1467 425 1516 et
447 1459 537 1535 pluris
553 1458 645 1517 malos
657 1459 824 1517 venumdari
844 1458 880 1517 ad
902 1474 955 1516 eos
976 1476 1056 1532 usus,

26 1555 53 1596 15
62 1540 131 1599 ratis
146 1555 219 1598 vero
237 1541 352 1598 conecti
368 1540 555 1617 quadraginta
577 1542 741 1599 sestertium
760 1539 873 1599 milibus
890 1541 1056 1618 plerasque.

62 1621 101 1681 ht
115 1622 143 1679 in
157 1621 296 1699 Aegypto
312 1639 347 1681 ac
358 1623 441 1697 Syria
456 1640 544 1700 reges
559 1623 654 1701 inopia
666 1622 769 1682 abietis
782 1622 870 1681 codro
883 1623 917 1681 ad
934 1623 1035 1681 classis
1047 1631 1100 1685 203

62 1705 192 1765 ieruntur
208 1705 261 1764 usi.
292 1723 422 1765 maxuma
440 1723 473 1766 ea
487 1708 514 1765 in
531 1704 628 1784 Cypro
647 1705 775 1782 traditur,
793 1706 828 1765 ad
844 1706 1057 1765 undeciremem

61 1788 201 1849 Demetrii
217 1789 347 1865 succisa,
370 1798 482 1849 centum
504 1791 617 1867 triginta
633 1790 753 1868 pedum,
772 1790 967 1849 crassitudinis
985 1805 1057 1848 vero

62 1871 98 1932 ad
113 1874 194 1932 trium
207 1873 350 1932 hominnm
363 1874 545 1952 conplexum.
574 1872 742 1934 Germaniae
755 1873 919 1951 praedones
936 1872 1057 1949 singulis

24 1972 53 2012 ao
63 1955 214 2015 arboribus
230 1958 339 2016 cavatis
355 1959 506 2034 navigant,
531 1974 647 2035 quarum
664 1957 804 2036 quaedam
821 1966 849 2016 et
874 1957 987 2033 triginta
1004 1955 1055 2014 ho-

62 2039 263 2098 mineslerunt.
287 2041 327 2118 [3]
341 2041 521 2119 spississima
536 2060 573 2100 ex
585 2043 660 2100 omni
671 2042 800 2117 materie,
812 2041 879 2101 ideo
889 2049 918 2100 et
930 2041 1100 2118 gravis-204

62 2123 132 2182 sima
145 2122 286 2182 iudicatur
304 2123 434 2183 hebenus
451 2133 479 2182 et
501 2124 610 2199 buxus,
627 2125 754 2201 graciles
771 2133 880 2184 natura.
910 2132 1011 2183 neutra
1028 2123 1056 2180 in

62 2205 144 2283 aquis
166 2204 271 2280 fluitat,
292 2224 347 2265 nec
370 2206 473 2282 suber,
496 2209 521 2265 si
538 2208 666 2266 dematur
687 2217 805 2283 cortex,
827 2225 883 2266 neo
905 2206 987 2266 larix.
1019 2223 1056 2264 ex

61 2287 184 2364 reliquis
210 2289 368 2349 siccissima
390 2290 468 2350 lotos
488 2308 561 2367 quae
582 2289 692 2349 Romae
720 2293 758 2350 ita
785 2290 964 2368 appellatur,
991 2287 1057 2346 dein

25 2370 151 2431 corobur
165 2370 390 2433 exalburnatum.
421 2383 450 2432 et
465 2373 531 2433 huic
545 2372 691 2451 nigricans
706 2374 789 2433 color
801 2375 950 2450 magisque
971 2373 1056 2429 etiarn

62 2455 166 2529 cytiso,
184 2472 259 2532 quae
274 2473 414 2534 proxume
429 2457 575 2516 accedere
593 2457 736 2516 hebenum
749 2457 872 2531 videtur,
886 2471 1056 2533 quamquam

61 2553 118 2597 uon
147 2536 250 2597 desunt
281 2542 328 2616 qui
354 2541 490 2616 Syriacas
516 2540 694 2600 terebinthos
722 2542 865 2618 nigriores
896 2539 1054 2599 adfirment.

62 2618 234 2680 celebratur
250 2631 279 2680 et
291 2622 441 2683 Thericles
453 2625 567 2683 nomine
581 2624 688 2684 calices
704 2643 741 2684 ex
755 2623 918 2683 terebintho
937 2623 1039 2682 solitus
1047 2630 1099 2683 aot

60 2703 170 2763 facere.
194 2711 277 2762 torno
290 2723 430 2784 perquam
446 2706 585 2784 probatur
598 2709 742 2767 materies.
767 2709 889 2767 omnium
902 2707 977 2765 haeo
993 2706 1055 2765 sola

23 2807 53 2849 ao
63 2788 150 2864 ungui
161 2786 233 2860 volt,
241 2787 404 2868 meliorque
417 2790 447 2849 lit
458 2790 535 2849 oleo.
560 2791 642 2850 colos
651 2793 722 2850 mire
735 2793 911 2852 adulteratur
921 2789 1056 2865 iuglande

61 2888 97 2931 ac
113 2872 176 2949 piro
193 2870 320 2931 silvestri
335 2875 434 2934 tinctis
447 2882 534 2952 atque
549 2875 577 2933 in
591 2875 780 2935 medicamine
795 2875 936 2935 decoctis.
968 2873 1055 2932 omni-

60 2954 115 3013 bus
130 2972 205 3032 quac
214 2954 335 3014 diximus
347 2959 441 3036 spissa
453 2957 579 3017 firmitas.
602 2957 647 3018 Ab
659 2959 704 3017 his
716 2977 854 3036 proxuma
864 2966 909 3017 est
918 2974 1034 3032 cornus,
1046 2964 1098 3018 ‘206

62 3055 232 3117 quamquam
246 3054 304 3099 non
319 3049 417 3117 potest
431 3041 522 3100 videri
532 3043 668 3101 materies
683 3051 804 3120 propter
820 3041 986 3116 exilitatem,
1004 3040 1057 3100 sed

61 3121 168 3199 lignum
183 3138 240 3181 non
257 3122 314 3182 alio
338 3142 431 3202 paene
454 3142 537 3202 quam
559 3126 594 3185 ad
611 3125 709 3185 radios
729 3135 855 3186 rotarum
874 3124 942 3184 utile
962 3133 1009 3184 ant
1032 3123 1056 3182 si

24 3205 129 3283 acquid
151 3208 328 3266 cuneandum
348 3209 385 3266 sit
408 3209 437 3266 iu
456 3207 535 3283 ligno
555 3208 683 3268 clavisve
699 3210 842 3287 figendum
865 3227 918 3268 ceu
939 3208 1054 3267 ferreis.

62 3289 121 3348 ilex
139 3290 205 3349 item
223 3299 251 3348 et
267 3290 397 3350 oleaster
413 3300 441 3351 et
457 3290 524 3350 olea
538 3300 624 3369 atque
640 3302 785 3370 castanea,
803 3295 946 3371 carpinus,
964 3307 1055 3369 popu·

61 3371 116 3431 lus.
156 3373 229 3433 haec
251 3383 280 3434 et
301 3377 397 3454 crispa
418 3376 513 3436 aceris
531 3375 633 3453 modo,
661 3378 685 3435 si
708 3377 767 3437 ulla
793 3377 930 3436 materies
951 3373 1059 3431 idonea

62 3461 142 3514 esset
165 3458 251 3516 ramis
277 3476 367 3540 saepe
391 3459 547 3541 deputatis.
590 3462 732 3522 castratio
753 3459 813 3518 'hla
842 3466 892 3514 est
913 3452 1085 3516 ammom
