2422 3840
140 171 201 233 268
500 184 530 231 c.
542 185 638 232 rurum
656 185 807 233 sueonos

139 347 218 398 terra
234 347 263 397 et
282 337 386 397 altrice
402 338 466 414 ipsa
483 336 568 396 humo
584 347 613 397 et
628 337 791 398 humatione
812 339 897 397 etiam
912 338 1037 414 cedere,
1061 356 1151 419 quern

141 438 251 480 morem
268 422 352 480 etiam
366 438 441 479 nunc
458 420 562 480 durare
580 421 656 499 apud
672 419 829 481 Germanos
846 422 919 481 scio.

112 513 130 567 9
204 506 234 564 5.
259 504 322 584 (5.)
344 502 474 564 Donatus
491 512 536 564 est
553 522 588 564 ea
612 505 643 564 L.
663 504 775 564 Siccius
798 504 937 564 Dentatus
953 504 1059 581 semel,
1084 523 1150 566 cum

141 588 248 647 civicas
265 587 497 666 quattuordecim
518 589 671 648 meruisset
687 587 943 666 depugnassetque
964 598 1035 646 cxx
1060 606 1150 667 proe-

138 669 186 730 liis
205 688 322 749 semper
342 672 447 730 victor.
479 678 558 730 tanto
574 673 667 731 rarius
686 681 731 730 est
751 680 931 731 servatorem
947 688 1031 729 unum
1047 688 1064 731 a
1083 690 1173 734 sor-s

138 754 213 814 vatis
230 754 340 815 donari.
373 753 485 831 quidam
501 755 692 832 imperatores
710 762 739 813 et
755 756 872 833 saepius
887 753 983 814 donati
998 763 1074 831 sunt,
1096 773 1149 816 ve·

140 836 192 896 luti
209 837 240 897 P.
256 837 364 897 Decius
383 837 446 897 blus
468 836 597 898 tribunus
617 838 736 897 militum
762 838 799 897 ab
822 839 971 914 exercitu,
994 836 1089 899 altera
1111 838 1149 898 ab

140 919 184 981 bis
201 922 249 998 qui
269 921 298 978 in
312 919 458 998 praesidio
477 921 592 980 obsessi
608 921 736 998 fuerant,
759 930 863 999 quanta
879 928 959 980 esset
973 922 1037 978 eius
1054 921 1148 981 hono·

140 1005 181 1062 ris
201 1003 359 1063 auctoritas
380 1004 533 1063 confessus
554 1005 713 1081 religione,
737 1004 878 1082 siquidem
899 1003 1021 1075 donatus
1040 1003 1149 1065 bovem

141 1086 236 1145 album
257 1084 341 1145 Marti
360 1086 507 1145 inmolavit
523 1095 553 1145 et
570 1096 684 1146 centum
703 1088 800 1147 fulvos
817 1088 865 1165 qui
886 1088 912 1146 ei
927 1086 1041 1146 vimutis
1059 1105 1181 1148 causam

141 1168 198 1227 dati
213 1169 327 1227 fuerant
343 1169 426 1228 simol
441 1166 476 1228 ab
497 1167 639 1229 obsessis.
671 1170 720 1230 hic
738 1170 846 1230 Decius
868 1179 973 1249 postea
989 1186 1023 1228 se
1043 1170 1149 1231 consul

100 1259 133 1311 10
144 1249 305 1328 Imperioso
323 1250 448 1328 conlega
474 1269 528 1330 pro
552 1254 675 1313 victoria
691 1254 817 1314 devovit.
850 1253 924 1314 Data
949 1262 995 1312 est
1015 1262 1046 1312 et
1067 1272 1147 1314 ase·

140 1343 206 1393 natu
230 1334 400 1413 populoque
421 1324 567 1413 Romano,
590 1354 646 1415 qua
667 1337 799 1397 claritate
821 1336 890 1396 nihil
907 1336 1042 1414 equidem
1057 1338 1086 1396 in
1101 1355 1147 1396 re·

140 1416 195 1477 bus
211 1417 339 1477 humanis
360 1418 510 1479 sublimius
526 1420 617 1495 duco,
640 1419 731 1480 Fabio
750 1420 792 1480 illi
815 1421 863 1499 qui
880 1437 942 1479 rem
958 1435 1072 1479 omnem
1087 1420 1147 1481 Ro·

140 1518 250 1561 manam
275 1502 401 1561 restituit
424 1519 482 1561 non
506 1503 678 1582 pugnando,
701 1522 758 1563 nec
779 1504 860 1579 data,
889 1521 953 1562 cum
977 1505 1180 1579 magistrumn

141 1587 267 1663 equitum
282 1594 312 1644 et
332 1587 491 1645 exercitum
513 1588 575 1647 eius
594 1596 751 1647 servasset.
768 1622 810 1632 —
834 1596 901 1646 tunc
918 1587 1005 1646 satius
1026 1587 1081 1646 fuit
1095 1604 1148 1647 no·

24 1673 36 1685 ··
140 1669 216 1728 mine
238 1685 315 1727 novo
340 1671 475 1728 coronari
500 1671 675 1749 appellatum
693 1678 804 1748 patrem
824 1669 860 1729 ab
882 1670 926 1729 his
948 1686 1022 1747 quos
1046 1687 1148 1730 serva·

140 1761 240 1828 verat,
255 1787 297 1796 —
320 1753 373 1812 sed
388 1770 445 1830 quo
462 1753 567 1813 dictum
583 1762 627 1813 est
646 1770 790 1814 consensu
805 1753 962 1815 honoratus
981 1763 1026 1812 est
1042 1753 1148 1813 Hanni·

41 1885 43 1888 ,
86 1901 90 1908 ,
140 1834 207 1894 bale
222 1834 303 1909 ltalia
319 1836 422 1914 pulso,
444 1854 518 1915 quae
535 1854 643 1897 corona
659 1837 752 1897 adhuc
773 1836 837 1896 sola
856 1838 947 1915 ipsius
962 1837 1066 1914 imperi
1088 1855 1147 1898 ma·

139 1916 223 1977 nibus
237 1921 362 1996 inposita
378 1928 423 1977 est
439 1929 484 1996 et,
510 1921 586 1997 quod
603 1920 753 1997 peculiare
774 1921 801 1979 ei
820 1929 881 1995 est,
903 1920 966 1979 sola
981 1937 998 1979 a
1012 1929 1075 1981 tota
1090 1919 1179 1982 tta-a

140 1999 177 2058 lia
193 2001 268 2059 data.

98 2092 130 2144 11
206 2083 235 2143 6.
257 2082 320 2162 (6.)
341 2083 462 2144 Praeter
474 2085 529 2145 hos
550 2086 670 2163 contigit
685 2088 748 2146 eius
765 2103 892 2147 coronae
907 2085 1001 2145 honos
1020 2083 1061 2146 Μ.
1079 2083 1160 2147 cat·

140 2167 243 2244 purnio
259 2165 406 2228 Flammae
429 2168 542 2229 tribuno
559 2170 677 2229 militum
692 2173 720 2229 in
745 2169 860 2245 Sicilia,
890 2169 1051 2230 centurioni
1074 2186 1147 2229 vero

138 2250 187 2308 uui
202 2250 237 2310 ad
253 2252 310 2311 hoc
326 2261 440 2330 tempus
459 2249 511 2311 Gn.
527 2252 644 2313 Petreio
665 2254 772 2313 Atinati
795 2251 941 2313 Cimbrico
964 2252 1056 2316 bello.
1087 2255 1147 2332 pri·

139 2352 214 2392 mum
229 2335 317 2413 pilum
334 2337 357 2393 is
376 2353 536 2413 capessens
550 2336 604 2395 sub
620 2334 722 2397 Catulo
739 2337 887 2395 exclusam
902 2335 938 2395 ab
950 2335 1035 2395 boste
1052 2337 1179 2414 legio-ns

139 2436 204 2477 nem
219 2436 299 2477 suam
320 2418 451 2478 hortatus
466 2418 608 2480 tribunum
622 2437 702 2479 suum
718 2418 893 2479 dubitantem
910 2436 964 2496 per
978 2428 1076 2479 castra
1094 2421 1148 2482 luo·

139 2502 223 2560 stium
239 2519 391 2580 erumpere
407 2502 554 2562 interiecit
574 2502 779 2579 legionemque
799 2502 907 2561 eduxit.
937 2503 1055 2562 invenio
1070 2504 1149 2582 apud

138 2593 274 2645 auctores
291 2585 413 2645 eundem
428 2595 545 2662 praeter
559 2584 635 2644 bunc
651 2585 790 2645 bonorem
811 2585 990 2646 adstantibus
1005 2584 1101 2646 llario
1119 2596 1149 2647 et

139 2662 242 2726 Catullo
260 2685 338 2726 coss.
355 2677 568 2746 praetextatum
584 2669 739 2728 inmolasse
758 2668 793 2727 ad
808 2668 953 2728 tibicinem
974 2668 1077 2729 foculo
1093 2689 1148 2749 po·

97 2759 131 2811 12
145 2750 212 2809 sito.
241 2752 364 2826 Scripsit
382 2761 411 2810 et
427 2752 507 2811 Sulla
522 2752 646 2811 dictator
666 2752 702 2812 ab
724 2754 854 2812 exercitu
869 2770 903 2812 se
922 2769 1041 2831 quoque
1056 2753 1180 2816 dona-so

138 2842 195 2892 tum
211 2834 287 2912 apud
303 2833 407 2893 Nolam
425 2834 552 2911 legatum
569 2833 649 2893 bello
665 2834 806 2910 Marsico,
827 2837 914 2914 idque
931 2837 1017 2895 etiam
1030 2839 1060 2896 in
1076 2839 1149 2899 villa

137 2935 189 2978 sua
204 2917 383 2994 Tusculana,
404 2935 478 2996 quae
501 2918 554 2977 fuit
568 2926 673 2994 postea
696 2916 864 2995 Ciceronis,
891 2920 992 2999 pinxit.
1026 2922 1149 2998 quodsi

136 3019 237 3060 rerum
260 3009 319 3077 est,
348 3000 406 3060 hoc
432 2999 692 3060 exsecrabiliorem
718 3021 781 3061 eum
803 3003 940 3078 dixerim,
964 3001 1148 3083 quandoqui-

137 3083 201 3143 dem
228 3102 290 3144 eam
319 3084 407 3163 capiti
433 3101 485 3142 suo
506 3085 721 3163 proscriptione
747 3104 796 3145 sna
825 3087 888 3164 ipse
914 3086 1040 3146 detraxit
1065 3098 1147 3149 tento

135 3166 322 3244 paucioribus
357 3168 461 3228 civium
492 3169 615 3228 servatis
646 3186 729 3246 quum
758 3179 862 3246 postea
891 3169 1007 3230 occisis.
1058 3172 1180 3234 addatss

137 3251 289 3310 etiamnum
309 3251 375 3312 buic
399 3252 512 3328 gloriae
537 3251 694 3328 superbum
719 3269 880 3329 cognomen
908 3251 1056 3330 Felicem,
1079 3256 1148 3335 ipse

136 3343 232 3392 tamen
247 3334 377 3394 obsessis
398 3337 426 3393 in
447 3345 509 3395 toto
526 3334 598 3394 orbe
616 3337 787 3413 proscriptis
805 3335 860 3396 hac
883 3353 991 3396 corona
1010 3338 1147 3401 Sertorio

85 3425 124 3480 13
135 3418 237 3479 cessit.
274 3416 467 3478 Aemilianum
481 3437 598 3499 quoque
613 3420 780 3497 Scipionem
795 3420 889 3480 Varro
905 3429 1008 3480 auctor
1024 3431 1073 3482 est
1092 3424 1142 3484 do·
