2422 3840
119 191 181 252 294
432 200 462 250 o.
478 201 575 248 amru
591 198 743 249 saeuum

118 355 247 417 herbarii
263 353 470 433 elelisphacum
486 353 614 431 Graece,
637 354 755 415 salviam
772 354 871 415 hatine
886 364 993 415 rooaot
1007 366 1129 419 mentae

120 441 257 517 similem,
275 456 389 514 canam,
405 439 564 499 odoratam.
596 447 696 516 partos
711 447 859 499 emortuos
874 456 910 500 ea
925 440 1059 519 adposita
1074 460 1128 502 ex·

119 526 250 599 trahunt,
266 524 333 582 item
350 524 458 582 vermis
471 522 600 582 ulcerum
614 523 790 601 auriumque.

80 617 128 671 148
183 607 268 686 (72.)
292 604 379 666 Cicer
400 615 430 665 et
452 606 586 666 silvestre
608 614 669 682 est,
691 606 769 667 loliis
788 607 899 684 simile,
920 607 1014 666 odore
1029 609 1128 685 gravi.

118 693 143 751 si
162 691 271 769 largius
293 698 433 766 sumatur,
461 690 543 751 alvos
567 689 690 750 solvitur
711 699 740 749 et
764 689 872 750 indatio
894 690 1074 751 contrahitur
1096 700 1152 752 ets

118 777 249 836 tormina.
301 783 407 834 tostum
434 773 579 834 salubrius
604 772 735 835 habetur.
786 772 940 834 cicercula
971 776 1142 836 etiamnum·

70 890 79 905 ·
118 861 209 938 magis
227 860 256 918 in
269 858 335 920 alvo
351 858 476 936 prolicit.
507 858 597 918 larino
612 859 760 934 utriusque
775 858 876 919 ulcera
890 859 1031 918 manantia
1047 861 1128 937 capi-

119 945 155 1004 tis
176 952 273 1018 sanat,
301 941 450 1003 eihoaoius
471 942 632 1017 silvestris,
653 942 721 1001 item
741 942 892 1001 comitialis
915 951 944 1002 et
964 943 1129 1003 iocinerum

119 1038 248 1088 tumores
268 1035 298 1086 et
318 1026 496 1103 serpentium
516 1026 600 1084 ictus.
631 1027 688 1085 ciet
707 1042 823 1086 menses
845 1034 874 1085 st
892 1028 1006 1102 prims,
1032 1044 1129 1104 grano

77 1120 127 1176 149
138 1128 278 1171 maxume.
317 1108 450 1169 emendat
476 1117 505 1168 et
532 1108 662 1169 lichenas
686 1119 715 1169 et
740 1111 855 1170 testium
876 1108 1165 1188 inflammationes,1o

118 1196 229 1271 regium
256 1192 402 1268 morbum,
428 1191 617 1271 hydropicos.
664 1192 783 1253 laedunt
805 1195 898 1254 omnia
918 1194 993 1253 haec
1015 1211 1130 1270 genera

119 1277 315 1338 exulceratam
330 1277 458 1336 vesicam
474 1286 503 1336 et
517 1279 607 1337 renis.
636 1278 810 1354 gangraenis
828 1277 941 1337 utiliora
958 1295 1022 1337 cum
1037 1278 1130 1338 melle

119 1370 148 1423 et
166 1360 211 1421 his
233 1378 308 1441 quae
323 1360 465 1421 cacoethe
481 1369 632 1420 vocantur.
677 1378 862 1421 verrucarum
875 1362 905 1420 in
920 1363 996 1420 omni
1013 1379 1129 1438 genere

119 1447 210 1526 prima
225 1447 291 1507 luna
313 1444 434 1521 singulis
453 1447 551 1522 manis
571 1444 702 1521 singulas
716 1453 850 1522 tangunt,
874 1462 967 1522 eaque
985 1462 1079 1522 grana
1100 1448 1130 1505 in

119 1530 240 1592 linteolo
258 1529 385 1607 deligata
402 1539 470 1605 post
487 1546 520 1587 se
540 1527 682 1605 abiciunt,
701 1528 741 1589 ita
760 1529 854 1606 iugari
869 1529 968 1588 vitium
983 1529 1128 1589 arbitran-
1141 1551 1165 1590 rs

79 1626 128 1679 150
140 1624 194 1674 tes.
231 1613 323 1673 nostri
343 1614 524 1690 praecipiunt
545 1613 695 1672 arietinum
716 1612 744 1672 in
766 1630 839 1690 aqua
860 1631 924 1672 cum
944 1611 1007 1671 sale
1030 1612 1130 1673 disco·

121 1716 227 1776 quere,
251 1714 290 1755 ex
309 1712 346 1756 eo
362 1695 464 1755 bibere
480 1694 601 1770 cyathos
624 1695 709 1755 binos
728 1698 757 1755 in
778 1694 994 1756 difficultatibus
1015 1698 1128 1756 urinae.

120 1783 162 1841 sio
180 1790 208 1840 et
223 1780 355 1840 calculos
369 1779 452 1857 pellit
466 1779 656 1857 morbumque
670 1781 792 1856 regium.
825 1779 953 1839 eiusdem
969 1779 1049 1839 loliis
1067 1798 1130 1840 sar·

119 1866 281 1942 mentisque
295 1863 426 1922 decoctis
439 1881 512 1941 aqua
531 1880 615 1941 quam
631 1880 763 1923 maxume
777 1863 870 1923 calida
884 1862 1004 1923 morbos
1020 1864 1130 1942 pedum

120 1946 205 2023 lenit,
222 1956 252 2006 et
268 1947 361 2023 ipsum
378 1946 501 2005 calidum
515 1949 668 2023 tritumque
683 1947 801 2006 inlitum.
835 1946 991 2006 columbini
1011 1945 1166 2008 decoctior

121 2048 195 2109 aqua
223 2029 374 2088 horrorem
406 2029 547 2088 tertianae
578 2037 607 2088 et
635 2039 790 2108 quartanae
823 2031 953 2090 minuere
988 2030 1127 2091 creditur.

119 2115 230 2191 nigrum
251 2120 346 2171 autem
368 2129 432 2171 cum
454 2112 550 2190 gallae
574 2113 691 2173 dimidio
706 2116 801 2174 tritum
817 2114 966 2174 oculorum
978 2113 1130 2174 ulceribus

120 2215 157 2257 ex
171 2213 259 2275 passo
274 2195 414 2255 medetur.
850 2207 851 2211 ’

82 2293 128 2344 151
183 2280 268 2359 (73.)
290 2279 336 2339 De
359 2297 430 2338 ervo
452 2279 593 2356 quaedam
613 2281 641 2338 in
660 2281 806 2340 mentione
827 2282 890 2340 eius
910 2281 1049 2355 diximus,
1072 2299 1132 2341 neo

79 2364 108 2404 ¹⁸·
120 2363 156 2398 ¹³⁰
167 2365 324 2442 potentiam
348 2364 375 2422 ei
396 2362 536 2423 minorem
556 2372 676 2424 veteres
703 2380 787 2441 quam
813 2364 962 2425 brassicae
984 2363 1166 2441 tribuere,2s

122 2457 222 2507 contra
243 2447 422 2524 serpentium
450 2449 524 2506 ictus
545 2465 584 2506 ex
605 2455 706 2523 aceto,
734 2447 770 2507 ad
799 2448 1014 2509 crocodilorum
1036 2446 1130 2509 homi·

120 2549 244 2609 numque
258 2547 394 2590 morsum.
428 2530 452 2589 si
474 2531 537 2610 quis
554 2547 653 2590 ervom
670 2529 777 2590 cotidie
793 2532 904 2591 ieiunus
925 2531 1000 2607 edit,
1022 2532 1130 2591 lienem

121 2616 182 2673 eius
199 2613 309 2673 absumi
327 2615 480 2674 certissimi
494 2623 631 2674 auctores
645 2614 804 2675 adlirmant.
842 2616 933 2676 farina
949 2615 1011 2674 eius
1027 2632 1130 2691 varos,

121 2697 173 2757 sed
191 2707 219 2756 et
232 2697 359 2756 maculas
376 2699 450 2757 cutis
464 2707 526 2758 toto
544 2714 670 2776 corpore
688 2697 830 2759 emendat.
869 2716 991 2777 serpere
1005 2696 1130 2759 volnera

80 2790 130 2842 152
141 2799 199 2841 non
214 2781 338 2859 patitur,
356 2783 384 2840 in
400 2783 526 2842 mammis
542 2781 783 2842 efficacissimum.
815 2782 1007 2843 carbunculos
1022 2783 1131 2860 rumpit
1140 2799 1167 2842 ao

122 2882 159 2924 ex
178 2865 255 2924 vino.
300 2865 400 2925 urinae
425 2864 626 2940 difficultates,
653 2866 845 2942 inflationem,
884 2868 952 2926 vitia
977 2866 1130 2941 iocineris,

120 2956 272 3007 tenesmon
299 2958 328 3009 et
349 2967 423 3027 quae
447 2948 540 3009 cibum
568 2964 627 3006 non
657 2952 795 3025 sentiant,
825 2950 947 3030 atropha
968 2949 1131 3028 appellata,

120 3040 225 3091 tostum
249 3033 325 3093 etin
346 3033 428 3092 nucis
451 3032 602 3092 abellanae
628 3033 850 3111 magnitudinem
867 3033 955 3093 melle
971 3033 1131 3093 collectum

122 3116 351 3194 devoratumque
367 3115 502 3191 corrigit,
524 3116 592 3175 item
607 3117 792 3195 impetigines
808 3136 846 3177 ex
862 3126 947 3178 aceto
963 3123 1081 3176 coctum
1101 3126 1132 3176 ct

122 3208 226 3278 quarto
248 3200 294 3259 die
319 3199 454 3258 solutum.
500 3216 592 3278 panos
613 3201 642 3260 in
668 3201 757 3261 melle
783 3202 938 3280 inpositum
962 3217 1169 3278 suppurareat

81 3293 130 3348 153
142 3282 287 3362 prohibet.
319 3300 393 3360 aqua
408 3283 524 3343 decocti
536 3286 692 3362 perniones
707 3293 736 3344 et
751 3287 877 3364 pruritus
893 3293 974 3344 sanat
985 3284 1131 3345 fovendo.

120 3369 188 3446 quin
204 3376 233 3427 et
247 3365 384 3426 universo
399 3369 532 3445 corpori,
557 3369 582 3428 si
597 3369 661 3446 quis
677 3369 784 3428 cotidie
800 3370 910 3429 ieiunus
925 3366 1047 3441 biberit,
1069 3386 1132 3428 me·

104 3451 213 3514 liorem
229 3451 300 3515 lieri
316 3450 455 3516 colorem
470 3453 645 3515 existimant.
680 3452 753 3512 cibis
766 3453 844 3513 idem
856 3451 978 3512 hominis
993 3451 1130 3512 alienum.
