2422 3840
199 178 237 239 78
555 191 585 238 c.
602 193 697 239 eninr
712 192 861 241 sncunnr

196 357 384 427 amputantur.
414 365 532 425 semper
550 347 699 406 custodem
720 346 843 424 relinqui
862 345 981 421 melius,
1007 346 1061 406 sed
1082 347 1106 404 is
1127 365 1197 425 pro-

157 456 188 490 εει
201 450 302 492 xumus
317 431 368 490 viti
384 448 450 490 esse
465 426 570 506 debe't,
592 448 648 490 nec
668 430 783 506 longior
797 447 881 507 quam
896 430 1001 489 dictum
1017 437 1077 505 est,
1100 439 1146 504 et,
1170 433 1197 490 si

197 514 403 576 luxuriaverint
424 513 574 591 palmites,
600 515 774 590 intorqueri,
796 522 825 572 ut
842 521 978 592 quattuor
994 514 1129 573 materias
1145 515 1195 574 vel

156 609 207 664 184
217 599 287 660 duas
294 645 303 676 ,
325 599 350 657 si
372 598 486 674 uniiuga
502 597 557 656 erit
570 598 672 673 vinea,
696 598 813 657 emittat.
851 596 909 675 [15]
941 597 972 655 Si
997 614 1053 674 per
1074 615 1107 656 sa
1127 598 1195 658 vitis

197 680 373 743 ordinabitur
389 682 451 740 sine
466 681 649 759 pedamento,
668 679 878 759 qualecumque
893 680 971 738 initio
993 680 1195 740 adminiculum

197 764 384 841 desiderabit,
399 765 463 824 dum
479 772 557 824 stare
573 765 722 824 condiscat
737 773 766 822 et
779 773 860 823 recta
875 781 1007 840 surgere.
1037 760 1143 823 Cetera
1158 765 1195 828 ad

196 849 381 928 primordium
404 849 515 908 eadem.
556 848 643 908 dividi
665 857 759 907 autern
778 847 926 925 putatione
947 846 1071 924 pollices
1093 848 1121 906 in
1144 865 1193 907 ae·

196 933 273 1010 quali
289 933 420 992 examine
436 931 577 1010 undique,
599 950 635 991 ne
657 940 833 1009 praegravet
854 929 964 991 fructus
981 940 1064 1009 parte
1085 931 1192 1008 aliqua,

195 1016 291 1076 obiter
305 1015 380 1074 idem
395 1016 560 1092 deprimens
575 1013 740 1093 prohibebit
753 1016 780 1072 in
794 1013 943 1073 excelsum
960 1015 1095 1074 emicare.
1119 1013 1193 1074 Huic

196 1101 297 1158 vineae
314 1099 396 1157 trium
411 1098 516 1175 pedum
531 1098 651 1157 altitudo
665 1097 812 1157 excelsior
824 1106 913 1173 nutat,
927 1098 1033 1157 ceteris
1049 1115 1065 1157 a
1080 1099 1190 1176 quinto,

154 1182 280 1247 185dum
301 1198 338 1240 ne
355 1182 479 1242 excedat
500 1180 622 1240 hominis
637 1180 843 1258 longitudinem
865 1181 975 1240 iustam.
1013 1180 1051 1240 lis
1075 1198 1191 1259 quoque

195 1283 270 1342 qnae
287 1274 460 1342 sparguntur
483 1265 511 1323 in
534 1274 611 1324 terra
631 1264 729 1323 brevis
754 1264 790 1324 ad
809 1265 985 1324 limitandum
1008 1282 1114 1325 caveas
1135 1265 1189 1323 cir·

194 1348 337 1424 comdant,
353 1347 506 1408 scrobibus
518 1366 571 1426 per
585 1347 717 1408 ambitum
731 1347 826 1423 iactis,
838 1366 875 1407 ne
887 1350 954 1425 vagi
970 1347 1101 1426 palmites
1116 1349 1190 1407 inter

194 1451 227 1492 se
244 1441 370 1510 pugnent
387 1441 586 1508 occursantes,
603 1433 753 1509 maiorque
768 1450 835 1509 pars
851 1441 991 1491 terrarum
1006 1432 1044 1490 ita
1062 1432 1191 1508 supinam

193 1518 221 1576 in
237 1516 341 1576 tellure
358 1516 528 1576 vindemiam
542 1517 633 1592 metit,
646 1515 787 1593 siquidem
802 1516 872 1575 etin
888 1514 988 1575 Africa
1004 1523 1032 1574 et
1048 1516 1076 1574 in
1090 1514 1209 1592 degui

193 1608 243 1678 pto
265 1599 406 1679 Syriaque
424 1618 459 1659 ac
481 1609 540 1660 tota
562 1599 633 1659 Asia
655 1609 685 1658 et
704 1599 798 1659 multis
816 1599 892 1660 locis
906 1598 1045 1677 Europae
1064 1598 1112 1658 bic
1126 1616 1189 1659 mos

152 1692 202 1748 186
213 1683 375 1761 praevalet.
406 1682 444 1742 ibi
461 1700 533 1759 ergo
549 1685 748 1743 iuxtaterram
765 1683 904 1761 conprimi
925 1682 1013 1742 debet
1035 1683 1116 1757 vitis,
1138 1699 1188 1742 eo-

192 1766 257 1826 dem
271 1766 357 1826 modo
374 1775 403 1825 et
417 1775 548 1843 tempore
563 1767 666 1826 nutrita
681 1766 780 1826 radice
798 1783 855 1843 quo
875 1768 903 1824 in
924 1767 1020 1842 iugata
1035 1766 1135 1840 vinea,
1159 1776 1189 1824 ut

192 1868 310 1927 semper
330 1848 455 1926 pollices
476 1857 581 1908 tantum
601 1849 814 1926 relinquantur,
831 1849 921 1910 iertili
936 1850 1002 1910 solo
1019 1866 1082 1908 cum
1097 1848 1189 1909 tribus

191 1933 327 2009 gemmis,
343 1931 499 2008 graciliore
514 1931 605 2006 binis,
619 1941 806 2011 praestatque
822 1933 927 1994 multos
943 1951 1011 1994 esse
1026 1950 1111 2011 quam
1125 1932 1210 1992 lon-2

192 2032 257 2091 gos.
288 2032 363 2091 qnae
378 2013 415 2073 de
431 2024 531 2075 natura
547 2016 603 2074 soli
622 2016 741 2075 diximus
754 2025 832 2077 tanto
850 2017 1014 2094 potentiora
1030 2017 1189 2076 sentientur

151 2107 200 2162 187
214 2106 318 2177 quanto
333 2098 455 2176 propior
471 2098 559 2158 luerit
579 2118 634 2160 uva
649 2109 755 2160 terrae.
787 2100 845 2179 [16]
868 2099 981 2160 Genera
1004 2101 1136 2177 separari
1153 2117 1189 2158 ac

191 2181 312 2258 singulis
331 2183 446 2241 conseri
460 2181 597 2258 tractibus
609 2183 798 2260 utilissimum,
813 2217 854 2228 -
870 2184 991 2244 mixtura
1009 2184 1083 2242 enim
1098 2200 1187 2259 gene·

191 2284 252 2325 rum
269 2266 354 2326 etiarn
368 2266 397 2324 in
414 2267 491 2343 vino,
507 2284 564 2326 non
577 2268 664 2342 ,modo
679 2269 707 2326 in
721 2277 814 2328 musto
835 2266 959 2342 discors,
975 2275 1080 2327 -aut
1097 2268 1122 2325 si
1136 2269 1186 2325 mi·

190 2359 341 2426 sceantur,
367 2367 423 2409 non
439 2349 495 2410 alia
511 2368 595 2428 quarn
613 2352 722 2428 pariter
741 2352 962 2411 maturescentia
981 2351 1060 2427 iungi
1083 2366 1208 2409 neces-2

190 2435 305 2495 sarium.
339 2435 405 2509 iuga
422 2434 525 2493 altiora
544 2451 601 2511 quo
620 2433 724 2494 laetior
745 2452 817 2510 ager
839 2441 868 2493 et
890 2451 946 2510 quo
968 2434 1096 2512 planior,
1118 2434 1186 2492 item

189 2516 318 2590 roscido,
334 2516 477 2576 nebuloso
492 2518 643 2595 minusque
658 2525 782 2576 ventoso
798 2518 980 2592 conveniunt,
998 2526 1098 2577 contra
1115 2519 1184 2576 umi-

191 2599 263 2658 liora
285 2599 387 2674 gracili
408 2609 437 2658 et
457 2600 537 2660 arido
562 2609 591 2660 et
612 2609 749 2661 aestuoso
770 2601 921 2677 ventisque
944 2602 1088 2679 exposito.
1117 2601 1186 2677 iuga

190 2682 225 2741 ad
243 2681 441 2759 pedamentum
457 2701 540 2760 qnam
562 2686 705 2745 artissimo
725 2684 802 2744 nodo
823 2685 924 2743 vinciri
941 2694 1075 2762 oportet,
1097 2686 1185 2743 vitem

191 2764 247 2824 levi
267 2766 416 2825 contineri.
450 2783 524 2842 quae
539 2785 650 2843 genera
665 2769 762 2827 vitium
778 2776 807 2827 et
822 2769 850 2825 in
866 2768 943 2845 quali
957 2769 1022 2828 solo
1041 2767 1207 2845 caeloque³

147 2848 216 2934 soit,
230 2858 329 2909 essent
347 2850 543 2924 conserenda,
567 2868 630 2909 curn
651 2869 884 2911 enumeraremus
903 2861 1021 2912 naturas
1043 2861 1187 2911 canumet

150 2943 198 2995 188
209 2934 350 3008 vinorum,
366 2933 535 2995 notavimus.
566 2932 623 3011 [17]
639 2934 684 2993 lle
701 2934 815 3012 reliquo
831 2934 908 2995 cultu
926 2935 1112 2995 vehementer
1128 2952 1185 2993 arn·

190 3014 305 3092 bigitur.
341 3015 475 3095 plerique
497 3025 607 3077 aestate
635 3026 694 3077 tota
719 3027 786 3095 post
807 3019 938 3096 singulos
958 3036 1042 3079 rores
1067 3018 1186 3078 coniodi

189 3098 288 3159 iubent
304 3100 432 3173 vineam,
455 3099 503 3159 alii
528 3109 624 3160 vetant
640 3111 845 3178 gemmantem,
867 3102 965 3162 decuti
985 3103 1059 3161 enim
1081 3101 1186 3161 oculos

190 3191 340 3260 tractuque
355 3183 515 3242 intrantium
531 3183 638 3262 deteri,
660 3195 690 3245 et
706 3185 744 3245 ob
763 3187 791 3246 id
807 3186 962 3246 arcendum
979 3185 1082 3265 procul
1099 3200 1206 3244 omnen

190 3266 304 3344 quidem
317 3285 418 3344 pecus,
427 3267 480 3327 sed
491 3285 622 3329 maxume
634 3269 769 3345 lanatum,
779 3271 912 3349 quoniam
924 3270 1060 3330 facillime
1071 3268 1185 3329 auferat

189 3368 326 3427 gemmas.
356 3351 485 3411 inimicos
501 3361 530 3411 et
547 3352 727 3430 pubescente
748 3372 803 3414 uva
820 3363 945 3430 rastros,
971 3356 1098 3433 satisque
1115 3371 1184 3412 esse

190 3435 302 3494 vineam
317 3444 362 3494 ter
376 3453 449 3495 anno
463 3436 589 3512 confodi,
604 3436 639 3496 ab
654 3439 838 3515 aequinoctio
850 3454 940 3497 verno
954 3434 1185 3513 advergiliarnrn
