2422 3840
307 247 387 294 nnn.
404 246 494 294 msa.
510 248 570 294 xx.
587 246 707 298 11—12.
726 237 881 315 (tt-48.)
1037 236 1097 298 207

98 400 241 461 leoselino
259 401 302 460 vis
317 400 427 479 privata
445 410 544 460 contra
559 418 700 478 araneos,
717 403 770 462 sed
787 413 816 463 et
831 402 998 464 oreoselino
1016 403 1097 462 femi·

97 502 151 543 nae
168 494 325 562 purgentur
343 503 359 543 e
376 485 454 544 vino.

156 566 204 628 12.
223 567 306 647 (47.)
326 567 393 626 Alio
410 585 522 645 genere
537 567 737 646 petroselinon
753 569 866 646 quidam
883 569 1032 648 appellant
1052 571 1079 629 in
1090 578 1140 633 118

98 652 176 710 saxis
191 660 296 729 natum,
315 653 503 730 praecipuum
518 652 554 710 ad
571 653 716 727 vomicas,
735 652 919 712 coclearibus
940 653 1014 713 binis
1036 655 1098 713 suci

74 734 201 799 redditis
217 735 245 794 in
261 735 394 810 cyathum
410 734 535 794 marruhi
551 737 614 795 suci
628 742 714 811 atque
727 735 766 793 ita
778 735 890 795 calidae
902 754 995 814 aquae
1007 737 1097 795 trihus

98 819 219 894 cyathis.
248 817 386 878 addidere
401 818 515 896 quidam
531 817 684 877 buselinon
700 818 838 878 differens
850 819 993 878 brevitate
1007 820 1098 878 caulis

97 904 220 962 asativo
237 910 267 962 et
281 900 386 961 radicis
403 901 505 962 colore
522 902 599 978 rulo,
615 902 744 961 eiusdem
762 902 895 968 effectus.
925 902 1098 982 praevalere

98 993 198 1045 contra
214 985 359 1064 serpentis
376 994 445 1064 potu
462 994 491 1045 et
506 987 595 1045 linitu.

140 1069 224 1148 (48.)
245 1067 372 1129 Ocimum
388 1086 505 1148 quoque
518 1069 699 1148 Chrysippus
715 1071 842 1146 graviter
860 1071 1005 1148 increpuit
1018 1070 1077 1128 inu·
1091 1079 1141 1134 119

63 1177 87 1217 ro
97 1152 146 1213 tile
164 1154 330 1229 stomacho,
346 1155 462 1229 urinae,
480 1153 630 1213 oculorum
652 1169 769 1231 quoque
785 1153 924 1231 claritati,
945 1162 1098 1232 praeterea

95 1239 233 1298 insaniam
245 1237 343 1297 lacere
360 1245 389 1296 et
403 1236 552 1313 lethargos
569 1246 597 1296 et
611 1238 750 1297 iocineris
762 1238 839 1313 vitia,
855 1238 982 1316 ideoque
994 1255 1098 1315 capras

96 1320 124 1380 id
143 1321 328 1400 adspernari,
350 1319 511 1379 hominibus
533 1338 651 1398 quoque
667 1319 834 1396 fugiendum
851 1329 961 1382 censet.
993 1321 1098 1380 addunt

97 1404 209 1481 quidam
224 1405 336 1480 tritum,
353 1404 376 1461 si
392 1405 540 1481 operiatur
551 1403 665 1482 lapide,
682 1404 869 1482 scorpionem
881 1405 1014 1482 gignere,
1030 1422 1097 1463 con·

96 1487 292 1546 manducatum
308 1495 336 1545 et
347 1477 376 1545 in
391 1487 456 1546 sole
469 1488 594 1565 positum
607 1487 731 1564 vermis,
755 1485 819 1546 Afri
832 1503 918 1563 vero,
938 1489 961 1546 si
978 1504 1014 1546 eo
1030 1487 1077 1545 die
1090 1496 1141 1549 120

62 1570 217 1634 raleriatur
232 1570 372 1649 quispiam
391 1588 407 1630 a
423 1571 580 1650 scorpione
597 1588 654 1650 qno
673 1570 767 1630 ederit
782 1572 921 1647 ocimum,
936 1587 993 1629 nou
1009 1587 1098 1648 posse

99 1656 219 1713 servari.
241 1653 309 1733 quin
324 1654 408 1712 immo
424 1654 536 1715 tradunt
549 1655 636 1734 aliqui
651 1655 796 1733 manipulo
810 1655 895 1715 ocimi
909 1671 972 1713 curn
985 1655 1098 1713 cancris

97 1740 200 1798 decern
214 1737 329 1796 marinis
345 1737 394 1796 vel
411 1737 595 1799 fluviatilibus
612 1741 679 1799 trito
697 1740 855 1799 convenire
871 1737 951 1798 adid
966 1739 1097 1814 scorpio·

97 1839 150 1880 nes
171 1840 209 1881 ex
231 1839 371 1899 proxumo
390 1823 491 1882 omnis.
528 1822 720 1887 Diodotusin
742 1823 889 1902 empiricis
911 1822 995 1881 etiarn
1018 1821 1097 1900 pedi·

97 1905 179 1966 culos
191 1905 291 1967 lacere
304 1905 389 1965 ocimi
401 1905 505 1966 cibum.
529 1915 629 1967 secuta
642 1915 723 1968 aetas
735 1908 843 1966 acriter
857 1905 997 1979 defendit,
1013 1924 1078 1964 narn
1090 1916 1139 1967 121

60 2017 85 2057 20
96 1989 125 2049 id
140 2007 207 2049 esse
223 2006 341 2068 capras,
363 2007 418 2049 nec
435 1991 566 2067 cuiquam
581 1998 706 2050 mentem
720 1999 843 2066 motam,
864 1998 893 2049 et
910 1989 1097 2068 scorpionum

95 2072 277 2132 terrestrium
300 2072 405 2133 ictibus
425 2075 656 2152 marinorumque
685 2075 806 2133 venenis
829 2073 939 2132 mederi
967 2092 1005 2132 ex
1030 2073 1096 2133 vino
1150 2078 1152 2082 '

96 2153 191 2215 addito
215 2156 291 2214 aceti
314 2157 429 2232 exiguo.
478 2174 532 2215 usu
555 2174 671 2235 quoque
694 2165 865 2234 conpertum
895 2155 1097 2216 deficientibus

96 2257 134 2297 ex
156 2247 241 2298 aceto
263 2237 383 2300 odoratu
403 2237 531 2298 salutare
555 2257 640 2314 esse,
662 2240 731 2298 item
753 2238 922 2314 lethargicis
945 2248 974 2298 et
989 2240 1097 2299 inllam·

95 2323 177 2382 matis
196 2321 429 2399 refrigerationi,
454 2322 562 2382 inlitum
591 2323 693 2401 capitis
714 2320 865 2382 doloribus
888 2338 951 2380 cum
971 2339 1097 2382 rosaceo

60 2415 143 2472 eraut
154 2415 266 2482 myrteo
284 2415 332 2466 aut
346 2415 447 2483 aceto,
469 2407 536 2466 item
551 2406 703 2466 oculorum
719 2404 870 2485 epiphoris
887 2406 1044 2483 inpositurn
1060 2424 1097 2464 ex

95 2491 173 2550 vino.
197 2488 346 2551 stomacho
364 2507 482 2569 quoque
498 2490 568 2550 utile
585 2488 748 2549 inllationes
761 2497 844 2548 ructu
864 2507 902 2548 ex
919 2498 1003 2549 aceto
1020 2490 1140 2550 dis-122

95 2573 214 2633 solvere
237 2581 394 2650 sumptum,
421 2573 517 2633 alvom
543 2574 648 2633 sistere
672 2573 843 2651 inpositurn,
874 2572 983 2631 urinam
1005 2573 1096 2646 ciere,

95 2658 138 2715 sic
160 2666 189 2715 et
212 2655 313 2716 morbo
334 2656 417 2732 regio
441 2665 470 2715 et
491 2656 658 2734 hydropicis
676 2655 836 2735 prodesse,
854 2655 938 2716 etiarn
955 2655 1095 2730 choleris,

95 2738 305 2800 destillationes
319 2739 460 2800 stomachi
475 2739 608 2800 inhiberi.
632 2757 705 2817 ergo
721 2741 806 2801 etiam
818 2739 957 2800 coeliacis
967 2739 1096 2799 Philistio

59 2847 85 2888 ao
95 2822 188 2898 dedit,
210 2832 239 2884 et
256 2832 368 2884 coctum
383 2823 576 2903 dysintericis,
597 2834 626 2885 et
647 2835 747 2885 contra
763 2824 949 2885 Plistonicum
964 2823 1051 2901 aliqui
1068 2829 1097 2880 et

95 2909 123 2967 in
138 2915 269 2967 tenesmo
291 2916 320 2966 et
341 2909 509 2986 sanguinem
524 2908 745 2970 exscreantibus
759 2910 788 2967 in
805 2909 888 2982 vino,
908 2905 1010 2965 duritia
1026 2921 1096 2982 quo-

95 3009 151 3073 que
165 2991 410 3070 praecordiorum.
433 2992 558 3053 inlinitur
569 2993 695 3053 mammis
709 2991 922 3068 exstinguitque
935 2989 1017 3048 lactis
1029 3006 1095 3067 pro-

92 3084 218 3135 ventum.
241 3074 356 3135 auribus
370 3075 548 3136 utilissimum
560 3076 722 3151 infantium,
739 3075 898 3154 praecipue
915 3090 977 3131 curn
989 3072 1074 3151 adipe
1089 3080 1142 3133 123

94 3161 238 3219 anserino.
262 3176 362 3219 sennen
375 3160 470 3218 tritum
482 3168 512 3218 et
523 3159 653 3220 haustum
665 3158 781 3218 naribus
792 3165 987 3216 sternumenta
998 3165 1097 3215 movet

60 3252 125 3306 sset
138 3243 351 3304 destillationes
368 3259 485 3321 quoque
504 3244 590 3321 capiti
605 3242 730 3318 inlitum,
747 3241 969 3318 volvaspurgat
984 3240 1012 3297 in
1029 3236 1094 3296 cibo

96 3344 134 3384 ex
149 3336 244 3388 aceto.
274 3344 414 3387 verrucas
429 3327 518 3385 mixto
537 3335 695 3386 atramento
713 3325 823 3385 sutorio
842 3323 926 3383 tollit.
958 3338 1096 3380 venerem

96 3409 238 3490 stimulat,
258 3412 325 3472 ideo
342 3411 427 3471 etiarn
443 3410 526 3488 equis
541 3411 686 3488 asinisque
704 3408 880 3468 admissurae
898 3413 1029 3480 tempore
1054 3405 1095 3461 in·

22 3558 24 3560 v
95 3493 214 3569 geritur.
