2422 3840
334 187 914 270 uuu.rsrsu.xv1.4a—44.(os—91.)
1079 189 1120 251 43

184 350 268 430 (88.)
292 350 363 410 Sunt
377 360 513 410 auctores
531 362 560 412 et
570 352 741 431 Delphicam
754 355 898 432 platanum
910 354 1163 432 Agamemno-238

121 436 166 494 nis
187 451 270 494 manu
293 443 382 494 satam
401 443 431 494 et
450 434 570 496 alteram
592 437 620 494 in
635 433 763 515 Gapbyis
780 436 925 498 Arcadiae
947 439 1024 498 luco.
1056 449 1122 499 sunt

121 518 210 579 bodie
223 536 261 577 ex
272 517 398 578 adverso
409 517 554 579 Iliensium
563 519 642 579 urbis
654 521 732 579 iuxta
739 520 960 600 Hellespontum
967 521 1122 583 Protesilai

120 604 149 662 in
165 602 321 680 sepulchro
336 601 460 663 arbores
477 621 552 681 quae
572 603 702 663 omnibus
718 621 808 663 exeo
824 608 916 682 aevis,
937 624 1000 666 cum
1014 608 1043 665 in
1058 616 1119 667 tan·

96 697 179 746 stum
205 685 366 746 adcrevere
400 694 440 758 ut¹
455 685 536 746 Ilium
560 688 739 766 adspiciam,
767 689 933 749 inarescunt
960 708 1119 770 rursusque

121 771 300 831 adulescunt.
341 772 420 830 iuxta
447 770 547 830 urbem
561 781 656 831 autem
673 788 799 849 quercus
820 773 848 830 in
868 771 902 833 lli
923 773 1031 832 tumulo
1052 785 1120 834 tunc

120 864 201 915 satae
218 855 360 930 dicuntur,
377 872 441 914 cum
457 856 556 932 coepit
569 853 652 914 llium
668 855 778 915 vocari.

184 938 267 1018 (89.)
291 937 378 1015 Argis
396 938 462 998 olea
479 938 639 998 etiamnunc
660 938 764 999 durare
785 939 890 999 dicitur
913 940 949 1000 ad
965 957 1050 1017 quam
1065 938 1162 1005 lousa

120 1023 149 1081 in
164 1031 275 1082 taurum
290 1030 425 1081 mutatam
440 1021 538 1098 Argus
559 1023 740 1100 adligaverit.
771 1023 800 1081 in
821 1023 912 1084 Ponto
936 1025 1014 1082 circa
1029 1023 1118 1084 Hena-

85 1121 111 1163 1o
122 1107 215 1166 oleam
230 1123 298 1166 arae
313 1114 377 1164 sunt
387 1105 465 1165 lovis
477 1105 646 1186 Στρατίου
658 1108 844 1183 cognomine,
857 1107 896 1167 ibi
909 1124 1034 1185 quercus
1046 1107 1120 1167 duae

120 1189 156 1250 ab
171 1189 299 1249 Hercule
314 1199 405 1249 satae.
432 1191 464 1261 in
473 1190 578 1250 eodem
588 1199 682 1250 tractu
693 1200 796 1268 portus
810 1190 914 1266 Amyci
928 1200 973 1251 est
984 1190 1119 1265 bebryce

119 1291 193 1351 rege
216 1273 371 1333 interiecto
393 1273 499 1333 clarus.
535 1274 598 1332 eius
621 1273 745 1334 tumulus
768 1291 785 1334 a
808 1291 944 1354 supremo
966 1275 1014 1334 die
1036 1274 1118 1334 lauro

119 1359 227 1434 tegitur
243 1374 327 1434 quarn
343 1357 470 1416 insanam
484 1366 600 1432 vocant,
617 1359 760 1435 quoniam,
784 1359 808 1417 si
825 1359 891 1437 quid
908 1376 946 1417 ex
963 1374 999 1417 ea
1015 1357 1118 1417 decer-

118 1450 199 1519 ptum
213 1440 352 1500 inferatur
365 1439 496 1514 navibus,
512 1441 604 1517 iurgia
617 1441 696 1513 liunt,
709 1441 804 1501 donec
819 1441 969 1502 abiciatur.
993 1439 1162 1517 Regio-240

83 1544 110 1584 1s
119 1542 186 1583 nem
192 1522 380 1582 Aulocrenen
392 1523 512 1582 diximus
524 1540 578 1600 per
586 1540 672 1601 quam
678 1523 808 1602 Apamea
820 1527 849 1585 in
860 1524 1014 1600 Phrygiam
1024 1525 1089 1584 itur.
1104 1549 1161 1590 uros

119 1607 160 1666 ibi
175 1607 309 1684 platanus
325 1605 487 1665 ostenditur
502 1624 540 1665 ex
552 1623 608 1684 qua
625 1606 799 1684 pependerit
816 1608 947 1681 Marsyas
968 1609 1061 1667 victus
1081 1606 1118 1668 ab

14 1766 17 1770 Δ
119 1689 277 1769 Apolline,
305 1707 380 1768 quae
400 1690 456 1748 iam
477 1698 535 1749 tum
556 1689 750 1768 magnitudine
771 1690 866 1751 electa
888 1699 942 1751 est.
984 1709 1041 1752 nec
1059 1708 1117 1750 non

119 1774 214 1853 palma
225 1773 293 1833 Deli
309 1770 345 1834 ab
357 1773 487 1833 eiusdem
499 1773 547 1833 dei
561 1783 656 1834 aetate
670 1776 858 1853 conspicitur,
872 1774 1023 1854 Olympiae
1036 1767 1127 1835 olea

118 1867 181 1918 ster
190 1876 228 1918 ex
240 1875 298 1936 quc
310 1858 418 1935 primus
426 1855 569 1917 Hercules
584 1867 740 1919 coronatus
753 1867 809 1935 est,
826 1868 856 1918 et
870 1877 945 1935 nunc
957 1859 1118 1919 custoditur

81 1959 109 2002 so
119 1942 234 2020 religio.
278 1941 400 2001 Athenis
418 1957 535 2019 quoque
557 1942 625 2001 olea
644 1942 749 2003 durare
764 1943 887 2004 traditur
907 1943 936 2001 in
958 1943 1117 2002 certamine

118 2025 195 2086 edita
211 2044 227 2086 a
241 2024 380 2085 llliuerva.

182 2109 267 2187 (90.)
289 2107 335 2167 Ex
347 2108 464 2167 diverso
479 2108 650 2169 brevissima
662 2110 719 2169 vita
733 2118 779 2168 est
790 2110 912 2188 punicis,
922 2111 990 2185 lico,
1003 2109 1095 2183 malis,
1105 2115 1159 2188 ..²41

119 2202 147 2252 et
164 2211 202 2252 ex
216 2192 262 2251 bis
278 2190 472 2269 praecocibus
486 2190 605 2249 br'evior
620 2210 703 2270 quam
721 2195 865 2270 serotinis,
883 2193 1015 2254 dulcibus
1032 2209 1116 2271 quam

118 2276 228 2351 acutis,
252 2283 282 2335 et
296 2273 419 2334 dulciori
433 2274 461 2332 in
476 2274 605 2351 punicis,
627 2276 696 2334 item
711 2277 739 2333 in
754 2275 876 2350 vitibus,
897 2278 1116 2353 praecipueque

82 2374 109 2413 ss
119 2358 318 2419 fertilioribus.
350 2356 508 2418 Graecinus
533 2367 635 2417 auctor
656 2367 701 2417 est
718 2360 873 2434 sexagenis
894 2361 976 2418 annis
995 2358 1116 2417 durasse

119 2445 194 2503 vitis.
238 2442 380 2503 Videntur
405 2450 435 2501 et
460 2441 613 2518 aquaticae
642 2441 768 2502 celerius
793 2443 922 2501 interire.
960 2449 1117 2500 senescunt

119 2527 236 2605 quidem
251 2527 406 2601 velociter,
422 2524 475 2585 sed
492 2542 509 2583 e
524 2522 670 2584 radicibus
684 2523 870 2602 repullulant,
887 2526 983 2586 laurus
1005 2533 1034 2584 et
1049 2523 1115 2583 muli

119 2620 149 2670 et
172 2611 305 2688 punicae.
340 2607 519 2668 firmissimae
543 2625 615 2684 ergo
638 2610 674 2669 ad
694 2610 847 2669 vivendum
865 2609 966 2685 oleae,
993 2618 1024 2668 ut
1044 2623 1115 2686 quas

118 2693 223 2752 durare
241 2693 321 2751 anuis
339 2703 381 2752 co
399 2693 473 2751 inter
489 2701 624 2751 auctores
641 2694 804 2752 conveniat.

83 2792 109 2834 ao
185 2776 269 2855 (91.)
292 2774 346 2834 Est
361 2775 390 2834 in
404 2775 569 2834 suburbano
585 2774 739 2835 Tusculani
759 2779 821 2854 agri
836 2776 914 2836 colle
931 2777 979 2853 qui
998 2773 1095 2834 Corne
1106 2780 1158 2837 242

118 2859 284 2939 appellatur
303 2858 384 2919 lucus
405 2860 519 2937 antiqua
538 2859 681 2936 religione
705 2859 816 2921 Dianae
837 2870 966 2920 sacratus
988 2857 1113 2934 nlntio,

117 2943 200 3003 velut
211 2950 272 3002 arte
282 2942 380 3001 tonsili
392 2957 474 3001 coma
486 2942 564 3019 fagei
575 2944 712 3003 nemoris.
734 2944 762 3002 in
773 2944 831 3003 boc
841 2942 1115 3004 arboremeximiam

118 3036 215 3089 aetate
234 3034 333 3086 nostra
354 3026 458 3085 amavit
478 3024 631 3086 Passienus
656 3024 776 3105 Crispus
796 3028 841 3087 bis
864 3026 982 3102 consul,
1004 3035 1113 3100 orator,

119 3110 300 3189 Agrippinae
320 3108 499 3169 matrimonio
523 3119 552 3168 et
572 3109 690 3169 Nerone
711 3111 845 3189 privigno
872 3111 978 3171 clarior
998 3117 1113 3189 postea,

83 3208 109 3250 ss
120 3194 248 3255 osculari
264 3193 470 3271 conplectique
486 3210 549 3252 eam
566 3193 684 3270 solitus,
707 3210 765 3254 non
778 3195 865 3255 modo
882 3195 989 3255 cubare
1006 3192 1059 3253 sub
1079 3210 1115 3252 ea

119 3280 274 3357 vinumque
288 3278 330 3337 illi
346 3276 514 3337 adfundere.
544 3277 639 3336 vicina
654 3277 721 3337 luco
738 3288 784 3338 est
802 3279 863 3338 ilex
885 3281 993 3356 etipsa
1009 3276 1114 3335 nobilis

117 3375 248 3422 xxxlm
263 3362 369 3440 pedum
386 3358 491 3420 ambitu
507 3359 650 3436 caudicis,
672 3376 696 3421 x
711 3362 833 3422 arbores
849 3363 963 3421 mittens
986 3358 1115 3432 singulas

117 3445 318 3522 magnitudinis
333 3444 485 3524 visendae,
501 3445 663 3524 silvamque
678 3445 843 3506 solalaoit.
