2422 3840
178 182 238 246 208
397 249 399 253 ,
512 193 542 241 c.
559 195 655 241 11111
671 193 824 242 succum

34 369 37 374 ·
136 361 188 414 121
243 352 290 412 13.
312 348 446 408 silvestri
470 349 563 408 ocimo
588 351 632 407 vis
654 348 804 408 efficacior
826 347 862 408 ad
882 348 983 408 eadem
1001 352 1112 428 omnia,
1131 370 1188 430 pe-

178 435 294 495 culiaris
315 432 352 491 ad
372 433 440 492 vitia
460 449 533 509 quae
550 431 754 492 vomitionibus
774 431 885 491 crebris
907 431 1115 494 contrahuntur
1131 453 1187 496 vo·

179 518 319 595 micisque
344 515 467 591 volvae,
500 524 599 576 contra
627 515 783 575 bestiarum
810 532 924 575 morsus
953 517 1056 575 evino
1080 517 1188 580 radice

178 600 388 660 efficacissima.

136 736 185 787 125
242 723 325 809 (49.)
346 723 462 786 Erucae
477 741 577 784 semen
593 724 778 801 scorpionum
798 724 918 783 venenis
933 732 963 783 ct
978 725 1065 783 muris
1082 730 1188 788 aranei

176 808 324 884 medetur,
353 807 495 869 bestiolas
522 808 613 867 omnis
638 808 814 867 innascentis
841 808 959 886 corpori
981 816 1080 884 arcet,
1113 812 1188 873 vitia

178 894 250 954 cutis
269 894 297 952 iu
315 891 391 952 iacie
414 910 478 951 cum
493 891 581 951 melle
597 890 721 966 inlitum,
747 891 902 967 lentigines
926 900 1079 968 anaceto,
1105 894 1188 955 cica-

178 978 266 1036 trices
282 976 380 1053 nigras
401 975 514 1035 reducit
537 973 572 1034 ad
595 973 749 1034 candorem
772 990 835 1033 cum
855 974 926 1034 lelle
948 974 1065 1034 bubulo.
1105 978 1189 1038 aiunt

177 1059 301 1120 verbera
325 1058 460 1118 subituris
483 1066 581 1136 potum
605 1075 643 1116 ex
665 1058 731 1117 vino
755 1057 885 1117 duritiam
913 1057 1052 1136 quandam
1079 1071 1188 1122 contra

136 1153 186 1207 126
199 1160 313 1202 sensum
333 1141 464 1201 induere.
500 1143 529 1200 in
550 1139 719 1200 condiendis
742 1140 873 1219 opsoniis
893 1150 970 1202 tanta
992 1150 1037 1201 est
1052 1146 1208 1206 suavitasr

177 1235 207 1286 ut
224 1222 329 1286 Graeci
352 1241 492 1285 euzomon
509 1223 731 1302 appellaverint.
772 1232 886 1304 putant,
909 1224 1030 1285 subtrita
1050 1244 1143 1288 eruca
1161 1231 1188 1288 si

177 1310 329 1370 foveantur
345 1309 438 1384 oculi,
461 1308 621 1369 claritatem
642 1309 771 1385 restitui,
789 1309 889 1367 tussim
910 1308 1055 1369 infantium
1072 1311 1186 1372 sedari.

178 1392 261 1453 radix
287 1394 349 1452 eius
374 1393 402 1451 in
424 1410 497 1471 aqua
526 1391 648 1452 decocta
676 1392 766 1453 inacta
792 1408 860 1452 ossa
886 1393 1019 1453 extrahit.
1053 1412 1120 1454 nam
1149 1395 1188 1456 de

137 1498 165 1540 n,
179 1493 330 1537 salvenere
359 1476 528 1537 stimulanda
542 1476 679 1552 diximus,
699 1474 736 1514 **
759 1477 814 1535 tria
826 1475 897 1535 lolia
913 1476 1057 1536 silvestris
1073 1496 1187 1540 erucae

180 1561 294 1620 sinistra
309 1579 392 1621 manu
408 1560 547 1640 decerpta
565 1561 673 1619 attrita
693 1560 721 1617 in
736 1577 809 1638 aqua
824 1559 915 1619 mulsa
931 1561 955 1619 si
973 1558 1117 1621 bibantur.
1199 1579 1208 1620 1

136 1692 185 1747 127
242 1685 326 1766 (50.)
348 1685 534 1746 Econtraric
559 1685 725 1744 nasturtium
751 1701 887 1744 venerem
911 1685 1034 1763 inhibet,
1059 1689 1189 1750 animum

137 1787 165 1829 rs,
179 1790 211 1823 ns
235 1770 367 1846 exacuit,
382 1778 411 1828 ut
428 1768 558 1828 diximus.
583 1767 639 1827 duo
653 1769 714 1827 eius
732 1785 852 1845 genera.
876 1768 971 1829 alvom
988 1779 1113 1848 purgat,
1133 1773 1186 1834 de·

178 1852 263 1912 trahit
279 1851 366 1912 bilem
383 1860 481 1929 potum
496 1866 520 1910 x
535 1850 664 1929 pondere
680 1852 708 1909 in
724 1868 816 1928 aquae
832 1865 895 1913 vn.
925 1855 1040 1913 strumis
1057 1871 1123 1915 cum
1141 1856 1187 1918 lo·

178 1944 273 1994 mento
291 1934 399 1994 inlitum
419 1944 609 2013 opertumque
628 1933 757 1994 brassica
774 1935 927 2013 praeclare
942 1935 1083 1997 medetur.
1109 1941 1186 2000 alte·

177 2035 239 2077 rum
253 2026 298 2077 est
314 2017 440 2095 nigrius,
458 2016 535 2096 quod
550 2018 653 2095 capitis
667 2017 734 2077 vitia
752 2028 871 2096 purgat,
893 2021 985 2080 visum
1003 2034 1207 2101 conpungat,a

179 2109 328 2161 conmotas
349 2103 451 2161 mentis
473 2101 555 2161 sedat
574 2119 614 2160 ex
634 2110 719 2161 aceto
741 2111 897 2181 sumptum,
921 2102 1026 2164 lienem
1049 2123 1088 2166 cx
1114 2110 1187 2169 vino

178 2193 276 2263 potum
298 2184 346 2244 vel
369 2203 432 2245 cum
455 2186 511 2246 lico
535 2193 691 2264 sumptum,
716 2188 815 2246 tussim
842 2205 880 2246 ex
900 2188 1002 2264 melle,
1026 2189 1050 2247 si
1074 2192 1187 2252 cotidie

137 2277 186 2331 128
197 2269 283 2330 ieiuni
301 2279 419 2329 sumant.
458 2288 557 2330 semen
574 2288 611 2329 ex
628 2271 695 2329 vino
714 2272 807 2331 omnia
829 2271 1026 2331 intestinorum
1046 2276 1187 2336 animalia

178 2353 276 2431 pellit,
292 2353 440 2414 efficacius
456 2353 552 2414 addito
568 2361 733 2413 mentastro.
756 2353 876 2432 prodest
893 2363 922 2414 et
938 2364 1038 2415 contra
1055 2361 1186 2438 suspiria

178 2446 206 2496 et
222 2438 322 2498 tussim
341 2454 404 2497 cum
420 2439 542 2514 origano
561 2445 591 2497 et
607 2438 673 2496 vino
691 2435 782 2512 dulci,
806 2438 936 2516 pectoris
958 2437 1110 2502 doloribus
1132 2443 1206 2503 der

178 2530 292 2581 coctum
308 2522 336 2579 in
350 2521 426 2581 lacte
440 2521 570 2602 caprino.
594 2537 686 2598 panos
703 2519 818 2581 discutit
834 2537 897 2579 cum
913 2523 979 2600 pice
997 2525 1186 2605 extrahitque

178 2605 295 2682 corpori
312 2603 430 2665 aculeos
447 2613 476 2664 et
491 2603 618 2664 maculas
632 2604 740 2664 inlitum
755 2623 792 2664 cx
809 2613 909 2682 aceto,
930 2614 1030 2667 contra
1048 2611 1185 2670 carcine·

13 2738 22 2773 ,⁴
135 2694 271 2750 12911111
287 2687 408 2747 adicitur
427 2706 546 2748 ovorum
563 2686 666 2746 album.
700 2696 730 2748 et
745 2687 867 2748 lienibus
888 2689 1012 2750 inlinitur
1029 2708 1066 2750 ex
1083 2702 1184 2771 aceto,

76 2840 78 2845 ,
175 2769 329 2829 infantibus
352 2788 422 2830 vero
445 2790 461 2830 e
481 2770 568 2830 melle
584 2769 742 2830 utilissime.
774 2772 890 2831 Sextius
906 2774 992 2833 adicit
1005 2782 1100 2834 ustum
1117 2795 1186 2837 ser-

4 2856 22 2877 ¹'‘
177 2854 272 2932 pentis
292 2853 409 2931 fugare,
434 2851 638 2932 scorpionibus
660 2854 814 2931 resistere,
839 2857 941 2934 capitis
962 2856 1058 2917 dolori
1078 2871 1207 2923 contras

176 2939 235 3014 ire,
263 2937 411 3014 alopecias
439 2934 591 2997 emendare
614 2935 710 2996 addito
733 2938 844 3016 sinapi,
873 2942 1045 3014 gravitatem
1070 2944 1186 3004 aurium

177 3021 243 3079 trito
264 3021 391 3099 inposito
412 3020 530 3079 auribus
554 3037 616 3079 cum
639 3021 710 3097 irco,
737 3021 861 3081 dentium
889 3022 1007 3083 dolores
1026 3025 1126 3087 inluso
1156 3031 1185 3088 in

177 3106 253 3163 auris
271 3120 357 3180 suco,
378 3104 555 3182 porriginem
571 3111 601 3163 ct
615 3103 714 3164 ulcera
731 3106 833 3184 capitis
849 3124 912 3165 cum
929 3107 1014 3186 adipe
1030 3113 1185 3173 anserino.

136 3197 186 3250 130
196 3186 364 3247 furunculos
380 3187 536 3265 concoquit
553 3204 616 3247 cum
631 3188 784 3250 fermento.
810 3188 1001 3250 carbunculos
1017 3191 1052 3252 ad
1069 3211 1185 3275 suppu-

176 3271 315 3331 rationem
332 3270 463 3349 perducit
479 3280 508 3330 et
523 3273 642 3350 rumpit,
666 3272 871 3351 phagedaenas
886 3273 1015 3334 ulcerum
1032 3291 1185 3357 expurgat

177 3372 240 3414 cum
262 3355 358 3415 melle.
391 3353 598 3416 coxendicibus
621 3365 649 3415 ct
672 3354 775 3416 lumbis
802 3374 865 3416 cum
890 3357 1008 3435 polenta
1030 3378 1068 3419 ex
1093 3375 1185 3425 aceto

165 3437 312 3519 1111111111,
332 3439 401 3501 item
416 3438 540 3518 licheni,
557 3439 700 3518 unguibus
718 3438 844 3517 scabris,
869 3443 977 3520 quippe
997 3452 1099 3505 natura
1116 3449 1186 3510 eius
