2422 3840
147 128 209 190 202
509 135 814 184 commonacum

145 311 259 354 venena
274 310 375 353 semen
391 299 439 351 aut
451 308 550 350 sucum
563 289 718 350 bibendum
734 299 843 366 senset,
859 288 1009 349 Philistion
1020 289 1156 367 opistho-

103 386 136 441 87
147 379 249 438 ionicis
265 394 365 436 sucum
379 393 417 434 ex
432 375 509 435 lacte
526 376 644 452 caprino
660 374 796 435 cumsale
813 382 842 433 et
859 373 956 433 melle.
988 373 1106 433 invenio
1125 381 1156 432 et

147 462 279 540 podagra
296 459 436 520 liberatos
452 457 566 520 edendo
583 477 647 519 eam
661 459 862 537 decoctaeque
878 459 921 516 ius
937 455 1074 516 bibendo.
1095 457 1161 528 boo¹

148 554 177 604 et
193 544 335 603 cardiacis
351 543 446 604 datum
468 552 497 603 et
515 543 707 605 comitialibus
727 543 837 602 morbis
860 541 956 601 addito
980 539 1059 616 sale,
1084 543 1157 601 item

147 627 285 705 splenicis
304 628 332 686 in
346 628 412 686 vino
429 628 496 687 albo
513 647 566 707 per
582 629 645 688 dies
660 640 717 687 xo.
738 626 867 686 ictericis
879 642 1002 685 necnon
1019 633 1048 684 et
1062 625 1153 702 phre·
1169 649 1182 688 a

146 713 249 771 noticis
265 711 372 771 radicis
389 712 493 772 crudae
510 729 608 771 sucum
623 710 860 788 gargarizandum
872 708 1086 786 bibendumque
1100 710 1157 768 de-

145 803 295 870 monstrat,
313 804 413 856 contra
429 814 500 856 vero
514 794 653 872 singultus
665 812 728 852 cum
741 794 894 853 coriandro
906 802 934 852 et
950 801 1046 868 aneto,
1062 793 1157 852 melle

103 886 181 940 88ac
195 880 299 957 pipere
318 897 356 938 ex
376 887 470 938 aceto.
507 878 614 937 inlitam
642 895 758 956 quoque
787 877 931 957 prodesse
957 875 1157 936 inflationibus

147 961 304 1038 stomachi,
334 964 401 1021 item
422 964 598 1041 serpentium
620 960 725 1020 ictibus
747 969 776 1020 et
798 959 923 1020 sordidis
944 960 1094 1020 ulceribus
1119 979 1157 1020 ac

146 1046 284 1120 vetustis,
307 1044 355 1104 vel
374 1062 474 1121 aquam
490 1046 582 1123 ipsam
598 1063 661 1104 cum
677 1043 842 1105 hordeacea
859 1043 967 1118 farina,
991 1061 1092 1103 sucum
1117 1062 1157 1104 ex
1168 1061 1195 1101 1o

147 1137 231 1187 aceto
253 1127 302 1186 vel
320 1145 384 1186 curn
398 1129 466 1186 leno
484 1127 606 1188 Graeco.
637 1129 680 1187 sic
696 1127 783 1206 aliqui
805 1137 833 1187 et
852 1127 980 1187 articulis
998 1128 1155 1205 podagris-

147 1229 203 1288 que
226 1211 373 1288 inponunt.
408 1211 587 1289 epinyctidas
611 1221 640 1270 et
662 1211 799 1291 quidquid
821 1209 897 1271 aliud
923 1213 1015 1289 serpit
1037 1213 1065 1270 in
1087 1228 1155 1271 cor-

148 1310 220 1372 pore
238 1294 362 1372 inposita
378 1295 467 1372 levat,
483 1297 550 1355 item
564 1297 732 1374 repentinas
751 1296 903 1372 caligines,
920 1295 972 1355 lras
990 1303 1019 1354 et
1035 1295 1059 1354 si
1074 1313 1155 1354 man·

147 1378 220 1437 ditur
242 1395 279 1436 ex
300 1387 401 1454 aceto,
426 1380 580 1457 suggillata
602 1396 674 1438 vero
698 1388 727 1438 et
748 1379 822 1439 alios
839 1379 948 1439 livores
965 1397 1037 1457 pura
1061 1378 1155 1456 inlita,

145 1461 245 1538 lepras
258 1470 286 1520 et
298 1479 401 1539 psoras
413 1481 475 1523 cum
491 1463 614 1523 alumine
629 1462 753 1523 rotundo
768 1481 806 1522 ex
818 1471 912 1524 aceto.
936 1463 979 1522 sio
993 1470 1022 1521 et
1034 1462 1155 1522 liuentis
1167 1481 1193 1520 15

103 1554 138 1608 89
147 1544 272 1622 capillos
287 1547 401 1605 retinet.
424 1545 614 1626 Epicharmus
633 1549 748 1608 testium
761 1555 790 1608 et
804 1548 971 1625 genitalium
982 1546 1066 1606 malis
1078 1546 1156 1607 hauc

5 1636 7 1640 ’
146 1629 297 1689 utilissime
314 1631 423 1709 inponi,
440 1630 590 1691 efficacius
612 1632 733 1692 eandem
752 1649 816 1691 oum
834 1630 901 1690 faba
918 1632 983 1690 trita
1001 1630 1060 1707 ait,
1083 1631 1157 1691 item

148 1712 306 1788 convolsis,
323 1731 386 1773 cum
402 1723 465 1774 ruta
479 1724 578 1775 contra
593 1715 727 1776 ardorem
738 1715 860 1775 iebrium
874 1724 903 1774 et
917 1715 1057 1774 stomachi
1073 1716 1155 1791 vitia,

147 1813 210 1854 cum
225 1803 307 1856 rutae
323 1799 432 1856 semine
449 1797 483 1857 ad
500 1799 652 1858 secundas.
688 1809 717 1859 et
731 1801 818 1859 muris
830 1799 929 1859 aranei
940 1815 1053 1858 morsus
1066 1797 1155 1858 lolio·

147 1897 207 1937 rum
222 1878 364 1940 aridorum
378 1879 468 1940 farina
485 1881 622 1941 alterutra
638 1892 721 1960 parte
738 1884 873 1942 exinanit.
1165 1899 1193 1940 ao

1 1948 11 2028 ε’
103 1970 139 2023 90
212 1959 304 2042 (35.)
337 1961 383 2021 Ex
409 1962 541 2023 omnibus
565 1964 714 2026 brassicae
741 1965 898 2042 generibus
925 1965 1096 2025 suavissima
1123 1974 1156 2025 et

1 2039 11 2073 ’·
147 2062 245 2119 cyma,
262 2045 316 2103 etsi
332 2046 437 2105 inutilis
452 2044 588 2123 habetur,
610 2047 735 2109 difficilis
757 2049 785 2107 in
803 2049 955 2128 coquendo
980 2057 1009 2108 et
1032 2048 1154 2108 renibus

146 2127 301 2187 contraria.
331 2128 401 2188 illud
417 2147 534 2208 quoque
549 2148 606 2191 non
622 2142 667 2192 est
680 2132 875 2209 omittendum,
891 2151 993 2212 aquam
1008 2132 1155 2192 decoctae

145 2211 181 2271 ad
198 2220 242 2271 tot
257 2230 325 2271 usus
341 2211 484 2273 laudatam
499 2214 613 2276 faetere
635 2216 710 2277 humi
727 2217 856 2276 effusam.
891 2218 1020 2295 stirpium
1041 2215 1154 2276 brassi-

147 2314 201 2356 cae
217 2295 360 2355 aridorum
375 2298 446 2357 cinis
461 2300 536 2357 inter
552 2302 679 2360 caustica
696 2301 889 2380 intellegitur,
906 2299 941 2360 ad
958 2298 1155 2360 coxendicum
1165 2320 1192 2360 aa

147 2380 266 2440 dolores
282 2398 345 2440 cum
360 2380 444 2460 adipe
461 2390 592 2458 vetusto,
612 2392 640 2443 at
661 2401 724 2443 curn
746 2383 843 2443 lasere
859 2393 888 2443 et
908 2393 993 2444 aceto
1011 2384 1040 2442 in
1054 2384 1155 2443 vicem

1 2495 3 2514 .
102 2464 260 2542 blpsilotri
281 2464 389 2523 evolsis
411 2465 507 2525 inlitus
531 2466 597 2543 pilis
617 2469 697 2527 nasci
717 2468 791 2527 alios
813 2465 959 2545 prohibet.
990 2466 1097 2527 bibitur
1123 2478 1155 2528 et

147 2565 211 2606 curn
234 2545 301 2605 oleo
324 2547 557 2610 subfervefactus
580 2550 630 2610 vel
652 2569 705 2629 per
728 2570 761 2611 se
784 2551 878 2610 elixus
902 2549 937 2610 ad
959 2549 1100 2610 convolsa
1124 2560 1155 2612 et

145 2637 228 2706 rupta
258 2630 332 2688 intus
366 2631 509 2711 lapsoque
544 2651 581 2692 ex
614 2634 682 2694 alto.
728 2635 806 2695 nulla
840 2651 911 2712 ergo
939 2643 1004 2693 suut
1032 2635 1155 2696 crimina

146 2709 316 2770 brassicae?
343 2715 428 2774 immo
451 2734 523 2776 vero
544 2717 619 2794 apud
641 2717 760 2779 eosdem
781 2720 891 2778 animae
912 2719 1084 2794 gravitatem
1108 2719 1192 2780 ra-so

147 2812 232 2868 cere,
255 2793 389 2854 dentibus
411 2807 440 2857 et
459 2799 583 2876 gingivis
606 2817 732 2878 nocere,
761 2810 790 2861 et
818 2802 846 2860 in
867 2802 1005 2879 Aegypto
1027 2811 1155 2880 propter

3 2936 11 2945 „
146 2876 359 2938 amaritudinem
375 2896 433 2938 non
449 2890 536 2941 estur.

2 2954 13 3047 a:
103 2970 137 3023 92
212 2957 292 3043 (36.)
311 2963 460 3024 silvestris
477 2964 540 3024 sive
558 2967 699 3027 erraticae
715 2968 844 3028 inmenso
861 2970 925 3048 plus
949 2971 1071 3031 effectus
1090 2971 1153 3032 lau·

145 3044 193 3103 dat
206 3041 295 3120 Galo,
321 3047 395 3108 adeo
417 3057 448 3107 ut
471 3049 569 3109 aridae
586 3068 702 3130 quoque
722 3052 842 3114 farinam
863 3056 892 3114 in
910 3054 1066 3116 olfactorio
1087 3056 1153 3116 ool·

144 3126 248 3186 lectam
269 3130 318 3188 vel
338 3131 430 3192 odore
453 3141 559 3193 tantum
573 3136 688 3196 naribus
709 3146 807 3215 rapto,
825 3138 893 3198 vitia
910 3157 1007 3200 earum
1022 3155 1152 3215 graveo-
1165 3162 1193 3206 aa

144 3209 317 3288 lentiamque
336 3232 439 3276 sanare
456 3217 596 3279 adfirmet.
625 3219 699 3280 bano
720 3220 768 3281 alii
785 3231 934 3300 petraeam
951 3231 1075 3298 vocant,
1099 3225 1154 3282 ini·

2 3348 8 3385 Ι,
143 3294 327 3358 mioissimam
336 3300 413 3376 vino,
426 3318 509 3379 quam
524 3304 682 3381 praecipue
694 3305 760 3366 vitis
774 3305 865 3382 fugiat
877 3316 935 3383 aut,
948 3308 972 3367 si
985 3324 1042 3366 nou
1053 3310 1154 3384 possit

2 3386 8 3445 ‘z
101 3377 257 3457 satagere,
270 3384 416 3445 moriatur.
443 3385 515 3448 folia
526 3386 614 3448 habet
625 3390 689 3466 ima,
706 3388 838 3466 rotunda,
852 3407 951 3467 parva,
965 3390 1052 3466 levia,
1067 3391 1153 3470 plan·
