2422 3840
114 158 175 222 238
419 153 421 159 ’
465 170 769 218 c.r>nrrv1sncmvn1

114 326 301 404 Centuripino
331 324 458 384 Siciliae.
493 324 580 400 aliqui
610 323 744 384 Theraeo
769 322 927 382 secundum
951 322 1053 383 locum
1077 322 1131 384 de·

71 422 105 474 32
117 412 197 472 dere.
232 409 419 468 Adulteratur
434 407 503 467 nihil
518 425 623 485 aeque.
657 407 791 484 probatio
810 407 933 481 sinceri,
956 407 981 463 si
997 406 1131 484 inposita

112 512 195 554 mann
217 493 340 569 crepitet
363 491 454 551 veluti
475 491 597 570 fragile,
617 526 660 534 -
681 489 805 549 umidum
829 490 902 549 enim
923 487 1003 567 qnod
1025 493 1130 551 evenit

114 577 323 638 adulteratione
346 574 423 635 cedit
439 609 499 650 —-‚
524 575 615 634 altera
644 573 796 652 probatio,
823 575 848 631 si
864 591 948 632 manu
969 571 1069 633 relata
1095 574 1130 634 ad

72 669 105 725 33
118 678 169 720 ora
189 660 293 719 leniter
307 659 412 718 faciem
433 658 594 735 oculosque
610 658 752 718 mordeat.
777 656 831 717 Est
846 675 900 734 per
914 674 947 714 εε
961 673 1064 732 genus
1080 653 1152 718 sac

114 745 164 803 tivi
186 742 402 802 blandissimum
422 742 532 819 volgo,
560 760 623 801 cnm
645 742 683 800 sit
703 739 870 815 mediocre,
897 739 1058 800 dialeucon
1077 759 1131 801 vo·

115 837 190 888 cant.
222 835 323 886 contra
341 823 505 901 Cyrenaico
520 826 635 901 vitium,
656 825 734 903 quod
751 824 827 884 omni
845 840 934 882 croco
950 824 1066 899 nigrius
1085 833 1132 884 est

115 922 144 971 ει
160 910 314 970 celerrime
329 911 492 969 marcescit.
525 918 670 986 optumum
684 908 856 985 ubicumque
873 906 951 984 quod
966 909 1130 984 pinguissi-

113 1013 187 1054 mum
206 1002 236 1053 ει
251 993 350 1052 brevis
371 992 486 1070 capilli,
510 1009 675 1068 pessumum
697 1008 769 1051 vero
793 990 870 1069 quod
888 991 971 1049 situm
995 990 1131 1052 redolet.

113 1077 261 1137 Mucianus
276 1085 377 1135 auctor
393 1085 438 1134 est
452 1077 480 1134 in
494 1074 583 1150 Lycia
599 1091 673 1134 anno
689 1084 821 1153 septumo
838 1083 885 1134 aut
902 1083 1009 1134 octavo
1030 1083 1129 1135 trans·
1140 1099 1164 1139 ro

113 1160 185 1220 ferri
200 1160 228 1218 in
243 1159 340 1218 locum
357 1158 505 1219 subactum
520 1167 606 1240 atque
621 1160 661 1218 ita
677 1157 859 1236 degenerans
875 1159 1022 1218 renovari.
1058 1178 1132 1219 usus

114 1245 176 1303 eius
192 1243 220 1301 in
235 1243 352 1302 coronis
367 1260 517 1319 nusquam,
539 1242 629 1303 herba
648 1244 723 1302 eninr
739 1242 871 1302 estfolio
887 1251 1010 1319 angusto
1029 1260 1131 1320 paene

114 1330 142 1387 in
166 1326 359 1405 capillamenti
379 1326 502 1387 modum.
534 1325 587 1386 sed
607 1329 673 1387 vino
693 1329 764 1386 mire
788 1326 935 1401 congruit,
962 1327 1131 1404 praecipue

70 1411 201 1490 aeduici,
222 1412 317 1470 tritum
332 1412 368 1471 ad
383 1411 495 1471 theatra
511 1410 662 1487 replenda.
693 1409 795 1470 Floret
809 1408 998 1486 vergiliarum
1014 1425 1131 1470 occasu

113 1497 214 1573 paucis
230 1495 349 1570 diebus,
377 1495 509 1573 folioque
524 1492 627 1553 dorem
644 1494 776 1572 expellit.
806 1493 881 1553 viret
896 1491 998 1551 bruma
1015 1502 1049 1553 et
1067 1494 1130 1554 col·
1141 1510 1163 1551 rr

13 1593 15 1599 ’
114 1579 221 1656 ligitur.
259 1581 384 1638 siccatur
406 1578 523 1652 umbra,
550 1577 652 1636 melius
678 1579 764 1637 etiam
783 1575 912 1636 hiberna.
946 1593 1080 1638 carnosa
1102 1586 1132 1636 et

113 1662 156 1722 illi
172 1663 253 1722 radix
269 1662 458 1738 vivaciorque
475 1678 559 1739 qnam
576 1663 693 1720 ceteris.
725 1661 831 1737 gaudet
849 1659 956 1720 calcari
979 1669 1009 1719 et
1028 1662 1130 1736 atteri,

115 1745 323 1824 pereundoque
341 1743 445 1803 melius
466 1745 611 1821 provenit.
646 1745 712 1805 ideo
733 1746 811 1804 iuxta
832 1744 960 1804 semitas'
975 1759 1011 1802 ac
1036 1745 1131 1804 fontis

95 1878 97 1882 ,
114 1829 310 1888 laetissimum.
348 1827 376 1886 7.
399 1826 531 1887 Troianis
546 1828 724 1904 temporibus
739 1828 794 1888 iarn
810 1836 873 1887 erat
886 1826 982 1887 honos
998 1827 1039 1886 ei.
1074 1828 1131 1888 hos

116 1921 197 1970 certe
211 1910 299 1969 hores
314 1909 457 1969 Homerus
474 1911 525 1968 tris
540 1911 653 1986 laudat,
672 1911 767 1988 loton,
786 1927 906 1985 mocon,
925 1910 1162 1985 hyacinthumrc

73 2003 106 2057 35
183 1994 265 2070 (18.)
289 1991 419 2052 Omnium
433 2002 527 2052 autem
549 1994 803 2055 odoramentorum
819 2002 906 2073 atque
924 1993 1000 2054 adeo
1017 1993 1131 2055 herha-

115 2094 176 2134 rnm
193 2075 354 2136 differentia
376 2078 465 2136 estin
485 2078 588 2137 colore
605 2087 634 2137 et
649 2079 740 2138 odore
764 2087 794 2138 et
816 2094 899 2137 suco.
930 2075 1067 2138 Odorato
1085 2096 1130 2138 sa·

113 2177 169 2237 por
188 2177 254 2219 raro
275 2160 326 2220 ulli
343 2179 400 2221 non
421 2178 551 2238 amarus,
583 2181 600 2221 ε
623 2166 768 2224 contrario
784 2161 880 2222 dulcia
901 2179 968 2221 raro
988 2161 1130 2223 odorata.

113 2246 209 2322 itaque
226 2253 255 2303 et
270 2246 336 2305 vina
349 2247 453 2305 mustis
469 2246 637 2307 odoratiora
654 2256 682 2306 et
696 2246 842 2307 silvestria
855 2246 947 2323 magis
964 2246 1067 2306 omnia
1084 2264 1130 2306 sa·

113 2329 188 2386 tivis.
223 2329 400 2405 quorundam
416 2330 490 2390 odor
512 2331 628 2389 suavior
644 2349 661 2389 e
679 2331 854 2408 longinquo,
882 2329 1006 2407 propius
1025 2328 1162 2390 admo-rr

71 2422 105 2476 36
116 2420 161 2470 tus
189 2411 358 2487 hebetatur,
383 2421 414 2471 ut
438 2412 546 2476 violae.
586 2430 654 2472 rosa
682 2432 788 2473 recens
815 2433 831 2474 a
855 2413 1021 2491 longinquo
1053 2415 1129 2489 olet,

114 2497 194 2554 sicca
209 2497 338 2572 propius.
374 2497 464 2554 omnis
486 2505 580 2555 autem
601 2514 692 2555 verno
714 2507 847 2575 tempore
868 2497 968 2556 acrior
986 2504 1016 2554 ει
1034 2507 1131 2559 matu·

113 2579 189 2636 tinis.
223 2579 360 2656 quidquid
382 2579 418 2638 ad
440 2580 612 2640 meridianas
632 2580 720 2640 horas
744 2580 807 2640 dies
834 2581 931 2656 vergit
953 2578 1129 2641 hebetatur.

113 2659 231 2720 novella
259 2679 375 2741 qnoque
401 2664 523 2721 vetustis
551 2665 642 2722 minus
667 2665 798 2724 odorata.
839 2665 998 2724 acerrimus
1027 2673 1130 2726 tamen

114 2745 187 2804 odor
203 2747 325 2802 omnium
341 2755 452 2806 aestate
468 2747 570 2807 media.
600 2763 667 2807 rosa
684 2757 713 2807 et
729 2765 845 2807 crocum
860 2747 1044 2823 odoratiora,
1063 2767 1160 2811 cunrad

114 2829 226 2887 serenis
245 2827 346 2888 diebus
363 2828 507 2906 leguntur,
535 2839 563 2889 et
578 2831 672 2889 omnia
687 2833 716 2891 in
731 2832 832 2893 calidis
849 2849 933 2909 quam
950 2831 978 2889 in
995 2830 1128 2909 frigidis.

113 2913 141 2970 in
155 2911 293 2989 Aegypto
316 2920 410 2972 tamen
430 2915 553 2973 minume
569 2913 681 2974 odorati
697 2915 802 2992 flores,
828 2917 894 2995 quia
915 2913 1083 2977 nebulosus
1099 2926 1129 2977 et

71 3005 104 3060 37
112 2995 244 3055 roscidus
260 3013 311 3054 aer
327 3005 371 3055 εει
386 3015 402 3056 a
418 2997 506 3058 multo
527 2997 650 3063 llumine.
682 3000 860 3078 quorundam
875 2999 1009 3059 suavitati
1025 3002 1127 3076 gravi·

30 3085 34 3093 “
112 3088 155 3138 ιεε
169 3079 254 3139 inest.
291 3081 444 3158 quaedam,
466 3081 531 3141 dum
547 3083 655 3158 virent,
679 3100 738 3143 non
753 3084 834 3143 olent
853 3090 977 3162 propter
989 3101 1128 3144 umorem

112 3163 239 3238 nimium,
255 3172 285 3223 nt
299 3164 442 3240 hnceros‚
458 3164 535 3241 quod
552 3174 596 3224 est
611 3165 708 3227 lenum
724 3166 873 3228 Graecum.
906 3175 1032 3243 aquatus
1049 3170 1156 3230 odoro

112 3265 168 3306 non
185 3249 307 3307 omnium
322 3249 384 3306 sine
407 3263 479 3306 suco
494 3255 555 3323 est,
583 3259 613 3308 nt
633 3251 746 3327 violae,
776 3268 878 3328 rosae,
905 3266 1006 3308 croco.
1048 3270 1126 3332 qnae

111 3349 183 3389 vero
199 3348 237 3389 ex
252 3333 363 3410 aquatis
380 3339 481 3391 carent
496 3348 583 3408 suco,
602 3350 702 3393 eornm
717 3336 840 3394 omnium
859 3334 933 3392 odor
947 3335 1069 3412 gravis,
1093 3345 1125 3396 ut

103 3414 135 3472 r'n
150 3414 215 3474 lilio
232 3416 382 3496 utriusque
397 3415 524 3494 generis.
549 3414 739 3477 habrotonum
754 3427 783 3478 ει
798 3433 959 3478 amaracum
974 3419 1056 3479 acris
1071 3419 1122 3481 ha·
