2422 3840
282 186 694 238 unr.1r1su.xv1.10—1r.
728 176 882 255 (to-ur.)
1054 177 1088 236 11

87 341 273 417 siccioraque
288 338 359 399 iolia
374 348 403 399 et
418 340 549 399 tenuiora
568 356 603 398 ac
617 342 708 416 magis
724 342 868 417 algentia,
889 351 1006 420 totaque
1022 343 1091 404 bor·

86 425 177 487 ridior
191 432 220 482 et
236 423 355 500 perfusa
365 423 471 498 resina,
486 421 594 499 lignum
611 423 698 483 abieti
715 425 845 484 similius.
871 425 946 485 larix
960 427 1031 486 ustis
1046 445 1091 486 ra·

87 508 200 569 dinibus
216 524 273 567 non
288 506 463 583 repullulat,
480 506 575 584 piceo
588 507 772 585 repullulat,
788 517 819 567 ut
834 508 863 568 in
874 507 970 569 lesbo
986 510 1093 569 accidit

87 594 208 651 incenso
231 607 350 650 nemore
364 589 521 664 Pyrrhaeo.
551 589 607 650 alia
622 591 775 651 etiamnum
790 593 948 668 generibus
968 594 1039 670 ipsis
1061 595 1133 658 indi

62 695 75 734 s
88 694 162 736 sexu
174 675 346 735 differentia.
368 690 430 732 mas
441 672 560 733 brevior
573 684 603 733 et
615 674 723 749 durior,
736 673 841 735 femina
853 677 1017 754 procerior,
1030 678 1091 755 pin·

87 758 335 837 guioribusdoliis
357 764 385 815 et
400 756 578 834 simplicibus
595 767 681 836 atque
700 775 757 816 non
780 759 952 835 rigentibus.
983 760 1091 837 lignum

10 902 12 910 ,
86 842 212 918 maribus
228 843 329 901 durum
341 848 371 899 et
382 841 410 899 iu
422 839 518 899 labrili
530 858 623 919 opere
637 850 809 917 contortum,
825 842 949 902 feminae
964 844 1090 919 mollius,

87 918 206 1004 publico
229 924 393 984 discrimine
418 925 447 982 in
470 925 632 984 securibus.
665 925 720 984 bae
734 926 763 984 in
780 943 963 1004 quocumque
979 945 1091 1003 genere

87 1007 309 1088 deprehendunt
323 1026 446 1083 marem,
464 1009 572 1087 quippe
587 1018 760 1087 respuuntur
779 1019 807 1068 et
822 1009 969 1086 fragosius
985 1009 1090 1085 sidunt,

14 1088 16 1094 ⁴
52 1110 76 1151 ro
86 1093 205 1169 aegrius
216 1091 404 1153 revelluntur.
427 1093 491 1171 ipsa
503 1093 639 1152 materies
649 1092 791 1152 retorrida
804 1103 833 1152 et
845 1094 955 1170 nigrior
965 1094 1090 1153 maribus
1185 1081 1194 1130 ¹

84 1177 177 1237 radix.
215 1174 300 1235 Circa
320 1175 398 1236 ldam
420 1175 449 1234 iu
463 1174 577 1235 Troade
599 1185 628 1235 et
652 1176 709 1236 alia
732 1176 912 1252 differentia,
935 1185 1134 1242 montanaclss

84 1261 311 1337 maritimaeque.
340 1277 406 1319 nam
426 1260 454 1318 in
469 1257 640 1319 Macedonia
662 1267 691 1318 et
708 1259 835 1321 Arcadia
858 1262 995 1339 circaque
1015 1260 1090 1320 Elim

86 1352 248 1423 permutant
261 1345 385 1418 nomina,
402 1360 458 1401 nec
472 1351 584 1402 constat
597 1343 764 1403 auctoribus
780 1345 857 1422 quod
870 1345 975 1423 cuique
988 1344 1091 1420 generi

86 1425 250 1488 attribuant.
282 1444 336 1485 nos
362 1428 418 1485 ista
444 1423 575 1484 Romano
602 1426 792 1486 discernimus
817 1426 935 1486 iudicio.
966 1427 1091 1485 Abiese

49 1523 74 1564 ts
86 1512 197 1591 cunctis
211 1511 386 1589 amplissima
402 1517 447 1567 est
463 1517 492 1567 et
504 1509 609 1567 femina
621 1511 705 1568 etiam
717 1509 870 1587 prolixior,
885 1511 1006 1569 materie
1019 1509 1090 1567 mol-

85 1595 141 1653 lior
154 1593 322 1671 utiliorque,
341 1591 429 1652 arbor
442 1590 603 1667 rotundior,
620 1592 692 1652 lolio
708 1593 825 1670 pinnato
840 1593 930 1652 densa
947 1601 978 1651 ut
992 1592 1092 1651 imbris

85 1694 143 1736 non
158 1679 345 1752 transmittat,
369 1683 456 1752 atque
478 1674 598 1736 hilarior
618 1677 646 1735 in
661 1684 759 1737 totum.
804 1675 829 1736 ll
846 1677 933 1737 ramis
948 1693 1088 1753 generum
1100 1683 1134 1740 49

83 1760 186 1822 borum
204 1759 400 1839 panicularum
413 1759 498 1819 modo
515 1769 684 1821 nucamenta
701 1762 869 1839 squamatim
883 1769 1025 1840 conpacta
1041 1758 1090 1819 de·

86 1845 213 1925 pendent
233 1853 439 1923 praeterquam
459 1843 550 1903 larici.
583 1845 658 1905 haec
680 1845 783 1905 abietis
803 1846 950 1906 masculae
971 1844 1091 1924 primori

47 1946 75 1986 ao
88 1938 170 2009 parte
184 1928 307 1989 nucleos
325 1928 450 2003 babent,
479 1946 537 1988 non
554 1931 624 1988 item
647 1927 782 1988 feminae.
815 1930 918 2008 piceae
934 1945 1006 1988 vcro
1022 1928 1091 1987 totis

84 2014 239 2090 paniculis,
249 2012 676 2090 minoribusgracilioribusque
691 2013 841 2088 minumos,
855 2029 890 2072 ac
902 2013 1012 2089 nigros,
1022 2028 1090 2089 pro·

84 2106 151 2174 pter
167 2098 245 2174 quod
255 2096 359 2156 Graeci
374 2094 608 2172 phthiropboron
623 2113 685 2154 eam
700 2096 860 2175 appellant.
882 2098 912 2157 in
921 2096 1024 2156 eadem
1039 2113 1090 2154 nu·

86 2190 219 2240 camenta
232 2179 358 2237 maribus
372 2179 578 2254 conpressiora
595 2188 661 2237 sunt
675 2197 710 2238 ac
726 2182 817 2239 rninus
835 2181 931 2239 resina
947 2178 1073 2238 roscida.

150 2263 234 2342 (20.)
252 2261 358 2321 Similis
372 2260 417 2319 his
432 2261 583 2319 etiamnum
597 2260 739 2338 adspectu
754 2271 810 2337 est,
822 2280 859 2321 ne
872 2263 939 2340 quid
956 2271 1085 2339 praeter·
1099 2270 1133 2321 50

46 2365 74 2404 25
87 2354 180 2423 eatur,
195 2356 277 2407 taxus
289 2345 413 2405 minume
425 2345 522 2403 virens
539 2343 716 2422 gracilisque
730 2353 759 2402 et
773 2346 863 2403 tristis
876 2362 911 2404 ac
923 2344 995 2418 dira,
1009 2343 1088 2403 nullo

85 2449 187 2508 suco,·
200 2450 238 2490 ex
253 2430 383 2490 omnibus
405 2428 470 2489 sola
486 2429 575 2488 bacas
594 2427 660 2487 lert.
696 2445 756 2486 mas
771 2429 859 2487 noxio
877 2427 983 2505 fructu,
1000 2425 1089 2485 letale

86 2515 194 2592 quippe
203 2513 284 2575 bacis
297 2516 326 2573 in
336 2513 475 2592 Hispania
487 2514 647 2590 praecipue
661 2529 803 2571 venenum
820 2512 905 2570 inest.
920 2527 990 2569 vasa
1003 2510 1089 2569 etiam

84 2599 206 2657 viatoria
222 2616 259 2657 ex
274 2616 309 2657 ea
324 2598 398 2656 vinis
413 2597 443 2657 in
455 2594 547 2657 Gallia
562 2595 638 2657 iacta
652 2595 802 2655 mortifera
813 2595 906 2655 inisse
918 2602 1090 2672 conpertum

86 2688 141 2739 est.
166 2679 247 2740 Hanc
263 2681 379 2741 Sextius
393 2681 527 2741 milacem
541 2699 557 2740 a
573 2678 693 2740 Graecis
707 2679 809 2739 vocari
825 2679 909 2755 dicit,
932 2688 960 2737 et
976 2696 1043 2737 esse
1057 2678 1086 2758 in
1099 2687 1131 2738 51

48 2784 74 2824 ao
86 2763 212 2822 Arcadia
228 2772 284 2823 tam
306 2765 470 2841 praesentis
487 2765 593 2824 veneni
613 2773 644 2822 ut
663 2765 710 2842 qui
727 2763 907 2823 obdormiant
930 2762 982 2823 sub
999 2779 1034 2820 ea
1050 2762 1089 2819 ci·

85 2846 192 2907 bumve
215 2849 330 2926 capiant
350 2849 516 2908 moriantur.
547 2856 611 2906 sunt
627 2848 676 2926 qui
698 2855 727 2906 ct
743 2847 838 2906 taxica
855 2847 922 2906 hinc
941 2844 1089 2925 appellata

86 2931 183 2991 dicant
197 2949 311 2991 venena
326 2950 401 3011 quae
416 2949 492 2991 nunc
507 2932 603 2992 toxica
617 2931 753 3006 dicimus,
776 2930 879 3008 quibus
894 2931 1019 3005 sagittae
1037 2927 1089 2985 tin·

85 3024 216 3092 guantur.
247 3024 396 3092 repertum
418 3016 562 3076 innoxiam
583 3014 662 3090 lieri,
690 3014 714 3072 si
735 3014 763 3072 in
783 3015 847 3092 ipsa
866 3013 973 3072 arbore
988 3011 1088 3071 clauos

84 3115 190 3158 aereus
206 3098 347 3177 adigatur.

48 3204 75 3245 aa
129 3184 179 3242 11.
214 3184 298 3262 (21.)
331 3183 384 3243 Pix
400 3182 509 3260 liquida
528 3181 819 3260 inEuropaetaeda
836 3181 980 3258 coquitur,
1000 3187 1132 3240 nava-5⁴.)¹

85 3266 160 3327 libus
176 3268 336 3327 muniendis
352 3266 518 3344 multosque
540 3265 612 3325 alios
629 3265 665 3325 ad
681 3284 759 3324 usus.
788 3264 895 3341 lignum
912 3265 974 3324 eius
992 3261 1088 3322 conci·

85 3368 147 3411 sum
162 3351 252 3412 iurnis
270 3352 396 3429 undique
411 3351 470 3427 igni
486 3358 567 3418 extra
585 3348 759 3408 circumdato
775 3349 880 3408 ferret.
913 3348 1020 3425 primus
1042 3361 1089 3402 su·

85 3435 139 3495 dor
154 3453 247 3513 aquae
262 3434 347 3494 modo
368 3433 428 3493 fluit
445 3433 547 3493 canali.
581 3433 639 3492 hoc
660 3432 788 3507 insyria
813 3430 941 3490 cedrium
955 3434 1088 3502 vocatur,
