2422 3840
333 196 414 244 usn.
433 197 525 247 rursu.
543 195 752 250 xx1.13-—14.
772 186 923 264 (tt-49.)
1069 185 1129 246 247

127 349 292 422 scottice,
320 350 464 410 secundas
485 349 595 426 ierula,
622 353 722 411 tertias
743 352 865 428 vimine,
891 351 970 411 multi
983 360 1012 410 ct
1028 370 1045 411 c
1061 370 1128 429 spe·

128 432 219 493 culari
234 431 331 510 lapide
345 433 465 508 iecere,
486 442 518 493 ut
532 443 688 512 operantes
704 436 778 495 intus
800 444 976 514 spectarent.
1009 435 1128 495 circum·

127 517 176 596 lini
193 513 275 575 alvos
293 515 358 576 limo
376 516 484 576 bubulo
506 517 699 594 utilissimum,
722 519 893 598 operculum
915 536 931 578 a
955 527 1040 597 tergo
1062 536 1129 578 csse
1194 572 1196 575 ,

126 597 364 676 ambulatorium,
389 609 420 660 ut
440 610 616 679 properatur
638 602 730 678 intus,
757 603 781 661 si
798 619 900 678 magna
921 603 957 662 sit
978 603 1061 662 alvos
1082 612 1130 663 aut

104 683 235 743 esterilis
250 685 400 762 operatio,
428 701 465 743 ne
480 685 685 762 desperatione
705 702 801 745 curam
824 684 965 760 abiciant,
988 685 1017 745 id
1032 686 1129 765 paula·

126 768 176 827 tim
200 766 301 826 reduci
326 767 446 827 fallente
474 768 573 845 operis
597 769 786 828 incremento.
827 767 911 827 alvos
935 767 1029 828 hieme
1058 776 1129 829 stra·

126 859 222 910 mento
239 851 364 928 operiri,
387 850 491 911 crebro
507 851 613 927 suiliri,
636 868 768 912 numurus
785 851 851 911 iimo
866 851 984 911 bubulo.
1020 867 1126 927 cogna·
1137 863 1169 917 81

126 943 185 994 tum
212 933 270 993 hoc
292 935 326 992 iis
351 935 527 995 innascentis
553 935 693 996 bestiolas
714 944 817 1012 necat,
845 951 985 1010 araneos,
1008 936 1130 1014 papilio·

126 1036 197 1093 nes,
222 1017 388 1094 teredines,
416 1019 538 1097 apisque
564 1020 644 1097 ipsas
665 1021 782 1080 excitat.
818 1027 847 1078 et
876 1035 1046 1079 araneorum
1070 1020 1130 1097 qni·

91 1101 193 1161 todem
219 1101 335 1162 exitium
360 1102 472 1163 facilius
501 1111 556 1162 est.
587 1103 713 1181 papilio,
750 1103 842 1182 pestis
866 1103 974 1178 maior,
1004 1101 1131 1162 lucernis

126 1177 237 1245 tdllitnr
261 1203 351 1261 vere,
386 1202 449 1244 cnrn
481 1194 656 1246 maturescat
680 1187 788 1260 malua,
825 1196 929 1262 noctu,
964 1185 1130 1262 interlunio,

127 1268 212 1329 caelo
234 1286 342 1330 sereno
361 1269 495 1329 accensis
515 1278 581 1329 ante
597 1270 689 1329 alvos.
721 1271 750 1329 in
773 1287 835 1330 eam
853 1268 992 1331 dammam
1008 1287 1075 1331 sese
1089 1272 1130 1330 in-

148 1360 240 1411 erunt.
356 1398 360 1409 .

125 1371 146 1433 g
190 1433 274 1514 (48.)
297 1435 329 1495 Si
344 1434 425 1494 cibus
442 1436 582 1495 sentiatur
597 1436 703 1496 deesse
720 1435 838 1514 apibus,
867 1452 938 1495 uvas
955 1453 1056 1514 passas
1072 1437 1128 1494 sic·
1139 1445 1173 1498 82

90 1535 118 1577 15
130 1536 218 1578 casve
235 1517 307 1578 licos
327 1526 424 1577 tunsae
445 1518 481 1578 ad
506 1519 579 1578 ioris
598 1536 696 1580 earum
716 1520 851 1598 posuisse
872 1521 1042 1594 conveniat,
1063 1517 1131 1577 item

128 1604 209 1662 lanas
236 1610 344 1662 tractas
366 1602 507 1662 madentis
528 1619 617 1682 passo
642 1612 690 1663 aut
721 1603 835 1663 defruto
862 1611 910 1662 aut
935 1619 1008 1680 aqua
1029 1602 1131 1677 mulsa,

128 1685 299 1762 gallinarum
320 1687 405 1745 etiam
423 1686 513 1746 nudas
538 1687 643 1747 carnis.
678 1685 847 1764 quibusdam
868 1686 953 1746 etiarn
974 1684 1131 1746 aestatibus

128 1769 215 1829 iidem
233 1769 290 1829 cibi
311 1770 493 1848 praestandi,
521 1789 584 1831 cum
605 1768 722 1830 siccitas
743 1771 876 1829 continua
898 1769 1000 1830 lloruru
1015 1768 1131 1829 alimen·

128 1863 187 1913 tum
210 1852 336 1914 abstulit.
375 1853 530 1929 Aliorum,
563 1872 627 1914 cnm
651 1853 708 1914 mel
730 1855 887 1933 eximatur,
912 1853 991 1913 inlini
1016 1859 1133 1931 oportet

90 1953 119 1994 no
129 1938 224 1998 exitus
239 1935 462 2017 melissophyllo
476 1947 526 1998 aut
540 1940 654 2015 genista
668 1938 759 2013 tritis,
787 1946 834 1998 aut
853 1936 962 1998 medius
983 1936 1048 1997 alba
1072 1936 1132 1994 vite

129 2022 296 2100 praecingi,
318 2040 355 2081 ne
370 2039 442 2099 apes
457 2022 615 2098 diffugiant.
647 2038 716 2081 vasa
733 2021 863 2082 mellaria
878 2030 925 2080 aut
943 2020 1026 2082 favos
1042 2019 1133 2079 lavari

129 2122 203 2182 aqua
221 2105 420 2182 praecipiunt,
441 2105 497 2165 bac
513 2106 636 2164 decocta
652 2105 716 2164 lieri
733 2104 951 2164 saluberrimum
969 2113 1091 2164 acetum.

195 2183 277 2269 (49.)
307 2184 382 2246 Cera
399 2187 429 2246 lit
447 2189 597 2264 expressis
617 2187 710 2262 lavis,
736 2187 789 2247 sed
803 2196 869 2246 ante
884 2188 1041 2266 purificatis
1056 2203 1131 2264 aqua
1142 2195 1175 2248 83

130 2287 165 2329 ac
190 2270 285 2330 triduo
314 2271 343 2330 in
367 2269 497 2329 tenebris
522 2270 656 2344 siccatis,
677 2278 779 2347 quarto
805 2270 852 2330 die
878 2269 993 2346 liquatis
1020 2270 1079 2345 igni
1106 2269 1134 2325 in

93 2370 207 2414 senovo
230 2353 326 2428 fictili,
354 2371 429 2431 aqua
449 2353 534 2414 favos
555 2361 692 2431 tegente,
719 2361 785 2412 tunc
807 2361 907 2431 sporta
930 2351 1042 2412 colatis.
1073 2368 1133 2410 rur·

127 2456 180 2502 sus
200 2438 229 2496 in
246 2438 349 2498 eadem
364 2438 424 2499 olla
446 2438 579 2516 coquitur
594 2455 663 2497 cera
684 2454 747 2495 cum
769 2436 871 2496 eadem
888 2453 962 2512 aqua
977 2434 1133 2513 excipitur-

131 2539 187 2600 que
210 2520 267 2582 alia
283 2520 405 2598 frigida,
431 2523 510 2582 vasis
534 2520 622 2582 melle
643 2518 818 2579 circumlitis.
850 2527 965 2597 optuma
987 2535 1060 2595 quae
1081 2515 1134 2575 Pu-

129 2607 195 2663 niea
210 2614 348 2680 vocatrrr,
375 2621 515 2683 proxuma
537 2621 621 2682 quam
642 2620 774 2662 maxume
790 2602 869 2662 iulvu
889 2602 1046 2681 odorisque
1061 2599 1134 2661 mel-

130 2687 186 2762 lei,
213 2706 302 2767 pura,
329 2687 446 2762 natione
470 2697 563 2748 autem
585 2687 723 2762 Pontica,
745 2685 822 2764 quod
844 2693 978 2746 constare
1002 2685 1135 2764 equidem

96 2771 237 2846 semiror,
265 2772 340 2831 inter
368 2780 510 2832 venenata
541 2771 646 2846 nuella,
681 2770 785 2830 deinde
811 2768 941 2845 cretica,
975 2769 1135 2849 plurumum

133 2856 209 2915 enirn
232 2873 270 2915 ex
292 2855 410 2935 propoli
436 2854 543 2932 babet,
570 2855 606 2915 de
625 2871 682 2933 qua
697 2852 818 2914 diximus
833 2854 863 2912 in
883 2862 984 2914 namra
1004 2853 1176 2932 apiummo

132 2947 201 3018 post
225 2938 278 2998 has
301 2936 437 3014 Corsica,
469 2940 601 3016 quoniam
624 2957 662 2998 ex
686 2937 765 2998 buxo
790 2938 837 3013 lit,
863 2936 973 2998 babere
989 2935 1135 3015 ‚quandam

133 3024 190 3081 vim
214 3022 410 3083 medicaminis
426 3031 550 3102 putatur.
581 3022 688 3082 Punica
713 3021 744 3081 lit
762 3021 819 3081 hoe
840 3020 942 3080 modo:
978 3019 1177 3080 ventilatur84

133 3105 249 3166 subdiu
266 3108 383 3185 saepius
401 3124 469 3167 cera
483 3105 579 3182 fulua,
605 3104 709 3165 deiude
725 3103 821 3164 fervet
839 3105 868 3163 in
883 3122 956 3181 aqua
975 3103 1082 3164 marina
1099 3119 1136 3159 ex

97 3210 124 3253 ss
134 3189 192 3249 alto
208 3191 300 3268 petita
315 3188 413 3250 addito
429 3191 515 3250 nitro.
544 3189 610 3250 inde
627 3187 742 3265 lingulis
757 3188 889 3248 hauriunt
903 3187 1021 3262 dorem,
1046 3186 1075 3246 id
1092 3193 1137 3244 est

134 3273 336 3334 candidissima
355 3292 505 3353 quaeque,
529 3272 785 3350 transfunduntque
799 3272 827 3330 in
842 3289 894 3331 vas
910 3270 986 3349 quod
1001 3270 1136 3344 exiguum

135 3354 257 3430 frigidae
267 3359 385 3432 babeat,
399 3366 428 3417 et
441 3374 540 3417 rursus
553 3358 661 3417 marina
674 3354 819 3415 decocunt
831 3356 995 3432 separatim,
1008 3353 1074 3412 dein
1084 3366 1136 3408 vas

135 3437 229 3516 ipsum
243 3458 317 3520 aqna
333 3442 517 3519 refrigerant.
548 3449 577 3501 et
595 3456 659 3501 cum
673 3437 730 3498 boc
744 3447 790 3501 ter
804 3439 926 3512 iecere,
939 3438 1051 3495 iuncea
1061 3441 1149 3490 erare
