2422 3840
203 167 243 230 88
537 180 567 230 o.
579 182 675 230 annu
691 183 840 231 saeuum

203 343 309 393 tantum
325 336 403 410 liunt,
419 345 450 394 ut
465 336 689 412 amygdalae-
704 352 741 394 ex
756 335 887 395 dulcibus
906 337 980 395 enim
995 336 1199 414 transfiguran-

203 426 248 476 tur
264 419 291 475 in
306 436 417 477 amaras
432 453 484 493 -,
505 418 601 497 aliqua
615 434 687 477 vero
711 419 795 478 etiam
809 417 940 494 utiliora,
965 429 995 478 ut
1016 420 1091 498 apud
1108 418 1202 481 Chios

161 500 314 583 {lippinus
336 518 428 581 quam*
443 502 566 579 phocida
589 500 745 579 appellant.
792 520 856 561 uam
877 502 1056 562 detruncatio
1076 503 1199 564 diximus

161 584 329 661 nocquinus
345 584 510 662 prodesset.
541 584 688 644 Intereunt
705 584 845 662 pleraque
862 595 891 644 et
906 586 975 645 lissa
992 588 1093 664 stirpe,
1109 605 1198 646 exce·

204 670 261 745 ptis
274 669 345 744 vite,
363 668 449 744 malo,
467 668 534 744 lico,
552 669 664 747 punica.
696 668 835 745 quaedam
850 667 898 728 vel
914 669 949 729 ab
964 668 1065 729 ulcere
1079 679 1197 730 tautum.

204 750 276 809 licus
292 751 366 811 hanc
386 753 514 812 iniuriam
536 752 647 829 spernit
665 760 695 811 et
718 753 811 811 omnia
832 769 906 830 quae
920 754 1045 811 resinam
1066 754 1198 829 gignunt.

202 833 359 894 Radicibus
375 837 526 912 amputatis
541 837 613 894 mori
632 836 754 894 minume
772 836 872 894 mirum
893 844 946 895 est.
980 835 1139 914 pleraeque
1156 846 1199 896 ta·

202 935 336 977 mennon
348 919 478 977 omnihus
490 919 542 977 sed
555 919 692 977 maxumis
708 927 756 977 aut
768 935 842 994 quae
853 927 917 977 sunt
931 917 1082 978 interillos
1093 919 1200 979 vitales

160 1007 212 1065 239
226 1000 348 1061 abscisis
366 1003 532 1060 moriuntur.
566 1001 623 1079 [10]
647 1000 759 1061 Necant
774 1003 897 1060 invicem
918 1002 992 1060 luter
1012 1019 1080 1061 sese
1098 1001 1199 1063 umbra

202 1083 251 1143 vel
264 1084 405 1143 densitate
420 1093 506 1161 atque
522 1083 646 1143 alimenti
658 1084 768 1162 rapina.
794 1093 879 1144 necat
893 1093 921 1144 et
931 1085 1042 1145 hedera
1055 1086 1196 1146 vinciens.

203 1183 258 1225 nec
272 1167 382 1226 viscum
398 1166 534 1244 prodest,
558 1175 588 1225 et
603 1167 711 1241 cytisus
727 1177 846 1227 necatur
862 1186 897 1228 eo
913 1169 990 1246 quod
1006 1167 1130 1228 halimon
1145 1185 1197 1227 vo·

204 1257 269 1308 cant
284 1249 397 1310 Graeci.
424 1248 608 1322 Quorundam
621 1259 720 1311 natura
733 1269 790 1311 non
804 1261 890 1312 necat
904 1251 1028 1329 quidem,
1041 1251 1094 1311 scd
1109 1251 1200 1312 laedit

204 1331 295 1392 odore
313 1343 360 1392 aut
375 1335 438 1393 suci
452 1335 590 1408 mixtura,
614 1343 645 1393 ut
665 1334 808 1413 raphanus
835 1344 864 1394 et
879 1335 975 1395 laurus
991 1337 1087 1394 vitem.
1124 1334 1199 1395 olia-

204 1419 308 1477 ctatrix
322 1421 395 1478 enim
408 1416 585 1493 intellegitur
601 1425 631 1476 ct
642 1435 707 1494 ungu
719 1417 811 1478 odore
823 1420 922 1476 mirum
934 1418 963 1476 in
974 1417 1096 1478 modum.
1116 1418 1197 1494 ideo,

203 1518 266 1559 cunr
278 1501 355 1561 iuxta
368 1503 414 1576 sit,
424 1502 516 1562 averti
526 1510 555 1560 et
566 1500 708 1560 recedere
721 1518 914 1579 saporemque
927 1503 1068 1560 inimicum
1079 1501 1196 1577 lugere.

160 1584 289 1646 alonius
309 1587 431 1663 sumpsit
450 1584 644 1659 Androcydes
658 1585 827 1644 medicinam
847 1593 947 1644 contra
965 1584 1133 1662 ebrietates,
1151 1603 1197 1645 ra·

201 1667 325 1745 phanum
338 1669 432 1728 mandi
444 1669 637 1747 praecipiens.
666 1668 725 1727 odit
741 1676 769 1727 et
785 1667 897 1726 caulem
909 1677 938 1727 et
951 1667 1016 1727 olus
1028 1685 1123 1742 omne,
1137 1667 1198 1728 odit

204 1760 234 1809 et
255 1753 400 1826 corylum,
428 1753 456 1809 ui
483 1751 585 1829 procul
608 1749 718 1826 absint,
740 1752 829 1810 tristis
854 1759 940 1828 atque
962 1768 1059 1828 aegra.
1094 1752 1198 1810 nitrum

203 1835 317 1911 quidem
334 1843 364 1893 et
376 1835 497 1907 alumen,
519 1834 627 1893 marina
642 1850 716 1911 aqua
736 1833 828 1893 calida
844 1843 873 1893 et
888 1834 973 1895 labae
990 1834 1133 1912 putamina
1147 1833 1198 1895 vel

182 1926 184 1929 '
203 1917 263 1974 ervi
276 1917 374 1975 ultima
388 1934 500 1975 venena
516 1925 590 1975 sunt.

158 2009 209 2062 til
275 1999 324 2057 25.
358 1999 441 2076 (38.)
469 1995 547 2058 luter
568 2000 635 2058 vitia
659 1998 793 2059 arborum
813 2009 858 2059 est
879 2010 908 2059 et
932 2000 1072 2078 prodigiis
1101 1998 1195 2060 locus.

201 2082 359 2140 invenimus
383 2082 466 2141 iicos'
480 2081 534 2141 sub
556 2081 634 2142 loliis
658 2091 756 2158 natas,
778 2084 866 2142 vitem
888 2093 916 2143 et
939 2083 1043 2143 malum
1063 2084 1198 2161 punicam

201 2165 292 2242 stirpe
309 2165 432 2224 fructum
447 2164 557 2241 tulisse,
576 2183 633 2224 non
644 2165 761 2244 palmite
776 2176 823 2226 aut
837 2169 933 2242 ramis,
949 2168 1037 2226 uitem
1048 2185 1120 2227 uvas
1133 2167 1197 2227 sine

200 2247 296 2324 loliis,
324 2248 407 2308 oleas
427 2266 543 2328 quoque
567 2251 697 2309 amisisse
719 2249 789 2310 lolia
808 2249 888 2309 bacis
905 2249 1099 2310 haerentibus.
1131 2259 1198 2309 aunt

199 2331 337 2393 miracula
354 2333 481 2393 fortuita.
511 2350 574 2392 nam
593 2343 621 2392 et
637 2333 713 2392 oliva
728 2333 756 2390 in
776 2341 864 2392 totum
881 2333 1010 2394 ambusta
1026 2334 1147 2409 revixit,
1165 2342 1198 2393 et

158 2417 245 2479 albin
259 2415 381 2478 Boeotia
401 2416 526 2476 derosae
552 2416 672 2474 locustis
693 2415 764 2474 licus
783 2434 816 2474 re
843 2417 1053 2492 germinavere.
1084 2425 1196 2477 mutan-

201 2508 246 2557 tur
267 2500 388 2559 arbcres
406 2509 436 2558 et
458 2499 559 2559 colore
572 2499 699 2577 fiuntque
717 2516 754 2557 ex
772 2500 861 2574 nigris
875 2499 1024 2574 candidae,
1043 2517 1101 2560 non
1119 2518 1196 2560 sem·

200 2599 255 2659 per
270 2583 450 2659 prodigiose,
470 2601 522 2642 eae
538 2599 757 2659 maxumequae
774 2600 811 2640 ex
833 2584 941 2641 semine
959 2591 1123 2643 nascuntur.
1166 2592 1198 2643 et

200 2664 325 2742 populus
340 2665 406 2724 alba
422 2667 449 2723 in
463 2668 573 2742 nigram
588 2666 697 2726 transit.
728 2665 839 2743 quidam
855 2674 883 2725 et
898 2664 1025 2741 corbum,
1042 2667 1066 2724 si
1081 2667 1109 2725 iu
1126 2665 1196 2727 cali-

200 2747 281 2807 diora
299 2748 364 2806 loca
381 2750 502 2822 venerit,
521 2747 709 2808 sterilescere
727 2756 836 2825 putant.
865 2749 999 2825 prodigio
1015 2758 1109 2809 autem
1125 2750 1197 2809 liunt

200 2850 237 2890 ex
251 2830 382 2891 dulcibus
398 2830 504 2890 acerba
520 2848 604 2910 poma
626 2840 674 2891 aut
691 2830 786 2890 dulcia
807 2849 844 2889 ex
861 2831 992 2906 acerbis,
1017 2850 1033 2890 e
1055 2832 1197 2910 caprifico

200 2915 247 2974 lici
263 2923 311 2974 aut
327 2923 438 2988 contra,
453 2916 536 2989 gravi
552 2922 678 2988 ostento,
701 2931 764 2972 cum
779 2913 807 2972 in
822 2914 968 2974 deteriora
986 2923 1138 2990 mutantur,
1157 2933 1198 2974 ex

199 2997 266 3057 olea
282 2999 310 3056 in
326 2997 499 3071 oleastrum,
518 3015 556 3055 ex
572 2996 692 3056 candida
709 3013 765 3054 uva
786 3006 815 3056 et
836 2998 892 3057 iico
912 2999 940 3056 iu
961 2998 1076 3074 nigras,
1095 3007 1145 3058 aut
1164 3008 1199 3059 ut

157 3078 382 3142 bddLaodiceae
397 3078 504 3138 Xerxis
520 3079 643 3139 adventu
661 3079 777 3157 platano
796 3081 824 3138 in
846 3081 940 3142 oleam
956 3089 1071 3141 mutata.
1102 3081 1196 3160 quali·

198 3160 252 3220 bus
268 3165 388 3222 ostentis
402 3162 564 3223 Aristandri
579 3162 653 3241 apud
670 3160 798 3223 Graecos
815 3165 951 3223 volumen
971 3173 1081 3240 scatet,
1105 3182 1144 3224 nc
1166 3165 1198 3225 in

198 3245 334 3304 inlinitum
350 3246 502 3321 abeamus,
525 3247 600 3323 apud
616 3264 669 3305 nos
686 3263 758 3306 vero
775 3243 808 3305 C.
827 3246 913 3326 Epidi
930 3249 1144 3324 commentarii,
1166 3249 1198 3309 in

199 3328 302 3404 quibus
327 3328 449 3389 arbores
476 3329 591 3390 locutae
616 3346 733 3409 quoquc
764 3332 955 3409 reperiuntur.
1002 3331 1141 3392 Subsedit
1166 3333 1198 3392 in

199 3408 327 3473 Gumano
349 3411 436 3473 arbor
457 3413 539 3489 gravi
554 3423 668 3473 ostento
686 3412 772 3492 paulo
789 3423 854 3473 ante
869 3412 989 3492 Pompei
1002 3413 1098 3491 Magni
1113 3414 1197 3477 bella
