2422 3840
111 165 173 228 230
459 164 489 226 c.
505 179 600 227 emm
618 179 768 228 saeuum

24 350 27 355 “
69 332 294 397 266Mediciuae
311 335 339 391 in
362 335 455 391 sativo
477 334 513 393 ad
535 336 720 411 scorpionum
736 336 810 394 ictus
827 343 856 393 et
877 339 1056 415 serpentium
1075 359 1124 400 se-

111 420 189 477 mine
204 419 232 476 in
246 419 312 475 vino
330 424 409 493 poto.
440 434 527 475 sucus
543 426 573 476 st
586 417 702 477 auribus
716 417 868 479 instillatur
885 422 1125 501 vermiculosque

113 502 142 559 in
163 500 208 560 his
227 507 323 559 necat.
360 501 453 577 ipsum
480 500 668 559 condimentis
694 518 788 578 prope
815 502 945 562 omuibus
970 506 1124 583 inseritur,

114 584 255 662 oxyporis
271 585 356 642 etiam
370 584 528 661 aptissime.
552 585 619 662 quin
635 593 664 643 et
681 586 762 661 panis
781 585 885 644 crustis
903 586 1045 647 subditur.
1074 609 1125 650 se·

112 686 177 727 men
199 667 377 726 stomachum
394 667 564 726 dissolutum
580 667 746 744 adstringit,
769 667 818 727 vel
836 669 863 726 in
888 669 1019 730 febribus
1043 691 1146 736 sum-n

111 760 201 829 ptum,
228 753 356 810 nausiam
372 769 409 808 ex
428 767 503 828 aqua
517 751 611 809 tritum
627 750 720 826 sedat,
735 751 917 828 pulmonibus
932 761 961 811 et
981 754 1122 816 iocineri·

114 836 167 894 bus
185 834 418 895 laudatissimum.
451 843 581 893 ventrem
595 835 685 911 sistit,
708 851 772 894 cum
786 835 899 894 modice
914 838 1044 911 sumitur,
1061 843 1122 899 uri·

112 937 176 978 nam
192 921 249 977 ciet
264 918 299 977 ad
315 919 435 976 tormina
451 927 550 993 potum
566 916 729 993 decoctum,
744 919 772 976 in
785 918 869 977 lactis
886 918 1003 979 defectu
1017 931 1123 998 potum

70 1011 121 1065 257
132 1020 266 1061 mammas
282 1001 388 1079 replet.
417 1001 499 1062 radix
514 1018 577 1059 cum
591 1001 683 1060 tisana
699 1010 810 1077 sumpta
822 1003 900 1060 renis
915 1013 1029 1080 purgat.
1054 1007 1123 1065 sive

113 1087 229 1146 deonoti
245 1100 315 1143 suco
333 1086 395 1142 sive
414 1084 522 1142 semiue
538 1093 652 1161 sumpto
668 1084 789 1160 prodest
806 1093 835 1142 et
850 1085 1018 1162 hydropicis
1035 1090 1124 1149 radix
1136 1111 1159 1151 ro

114 1187 150 1227 ex
167 1169 234 1226 vino
256 1173 351 1240 cocta,
366 1167 434 1226 item
452 1166 609 1225 convolsis.
640 1167 793 1227 inlinuntur
810 1167 880 1226 folia
897 1169 1056 1230 tumoribus
1078 1190 1125 1232 ar·

114 1252 199 1312 deute
218 1269 256 1309 ex
272 1258 368 1325 aceto,
389 1250 519 1309 calculos
534 1251 653 1310 vesicae
669 1250 792 1329 pellunt,
809 1269 946 1310 venerem
963 1253 1125 1316 stimulant.

113 1334 264 1412 geniturae
279 1332 477 1393 abundantiam
493 1350 610 1411 quoquo
627 1334 713 1394 modo
730 1331 860 1394 haustum
876 1335 961 1410 lacit,
981 1339 1126 1398 verendis

114 1419 327 1493 amicissimum,
342 1419 404 1478 sive
420 1417 455 1477 ad
468 1415 623 1476 fovendum
639 1417 736 1477 radice
754 1436 818 1477 cum
832 1420 899 1476 vino
915 1419 1040 1480 decocta
1056 1423 1126 1481 sive

15 1568 17 1574 ,
114 1503 266 1562 contritum
290 1502 318 1560 in
343 1502 411 1561 oleo
439 1501 557 1560 inlitum.
600 1501 680 1560 multi
710 1509 739 1560 et
767 1501 930 1579 suggillatis
956 1520 1020 1561 cum
1049 1520 1159 1565 ceram

113 1585 248 1659 inlinunt,
276 1594 305 1644 et
324 1585 423 1644 radice
441 1585 470 1643 iu
485 1602 556 1643 suco
572 1585 620 1644 vel
638 1603 701 1644 cum
716 1585 802 1645 melle
828 1592 927 1644 contra
947 1587 1026 1644 canis
1043 1603 1126 1647 mor·

71 1679 196 1732 itsssum
216 1677 330 1728 utuntur
353 1677 382 1727 et
405 1677 505 1728 contra
533 1668 719 1745 multipedam
749 1685 786 1726 ex
808 1669 884 1726 vino.
928 1667 1127 1745 Hippomara-

114 1754 192 1812 thum
209 1755 245 1814 ad
261 1753 354 1811 omnia
369 1752 569 1811 vehementius
592 1750 722 1810 calculos
739 1751 897 1828 praecipue
915 1750 1012 1827 pellit,
1031 1755 1127 1829 prod·

115 1846 160 1895 est
179 1836 298 1904 vesicae
318 1853 382 1894 cnm
398 1837 466 1893 vino
486 1836 545 1894 leni
568 1843 596 1892 et
617 1833 785 1893 feminarum
797 1833 950 1890 menstruis
972 1833 1127 1896 haerenti·

114 1920 177 1978 bus.
209 1918 357 1978 eilioacius
375 1921 403 1977 in
425 1936 461 1978 eo
484 1934 582 1983 semen
602 1934 686 1992 quem
701 1916 792 1976 radix.
822 1913 922 1973 modus
940 1915 968 1971 in
991 1923 1160 1995 utroquem

114 2002 191 2080 quod
213 2001 325 2061 duobus
342 2002 438 2080 digitis
461 2003 555 2059 tritum
583 1998 695 2058 additur
721 1999 748 2056 in
771 1999 929 2075 potionem.
964 1996 1127 2062 Petrichus

101 2087 162 2163 ,qui
177 2085 300 2162 ophiaca
324 2086 440 2162 scripsit
460 2092 490 2143 et
511 2081 619 2142 Micion
638 2083 686 2159 qui
711 2081 953 2141 rhinotomumeua
975 2080 1127 2144 adversus

115 2171 259 2246 serpentis
286 2169 355 2228 nihil
380 2166 600 2246 hippomaratho
628 2165 776 2227 ellicacius
800 2173 949 2244 putavere.
992 2181 1066 2223 sane
1096 2177 1127 2228 et

113 2251 259 2312 Nicander
271 2269 329 2311 non
344 2254 371 2310 in
386 2252 548 2311 novissimis
565 2251 672 2328 posuit.

72 2345 123 2398 259
198 2336 280 2415 (97.)
307 2332 449 2394 Cannabis
465 2335 589 2393 insiluit
611 2334 732 2410 primum
748 2340 815 2391 nata
832 2341 891 2406 est,
913 2331 1024 2408 nigrior
1040 2330 1160 2392 loliiscs

115 2428 146 2478 et
159 2420 301 2498 asperior.
333 2435 432 2478 semen
450 2419 512 2475 eius
528 2417 714 2493 exstinguere
729 2415 890 2492 genituram
903 2415 1033 2473 virorum
1050 2415 1126 2475 dici·

115 2512 169 2562 tur.
204 2519 290 2560 sucus
312 2519 350 2561 ex
372 2516 408 2561 eo
424 2499 599 2559 vermiculos
620 2500 728 2558 aurium
745 2506 774 2557 et
794 2498 995 2576 quodcumque
1015 2497 1127 2560 animal

117 2586 265 2644 intraverit
287 2585 371 2660 eicit,
400 2584 454 2644 sed
477 2601 547 2642 ‘cum
572 2582 675 2642 dolore
708 2582 827 2659 capitis,
862 2588 997 2657 tantaque
1022 2581 1070 2638 vis
1099 2583 1128 2641 si

115 2677 160 2727 est
175 2675 205 2725 ut
217 2685 309 2744 aquae
325 2667 435 2728 inlusus
453 2666 611 2742 coagulare
627 2683 690 2725 eam
704 2667 823 2724 dicatur.
848 2673 878 2722 et
893 2663 959 2723 ideo
978 2663 1127 2723 iumento·

116 2769 177 2810 rum
192 2749 259 2809 alvo
276 2752 418 2809 succurrit
433 2759 518 2826 potus
536 2750 564 2807 in
583 2764 666 2825 aqua.
695 2746 777 2807 radix
791 2746 930 2806 articulos
953 2754 1161 2807 contractosso

116 2832 226 2894 emollit
250 2833 279 2891 iu
305 2849 379 2910 aqua
404 2841 505 2905 cocta,
532 2832 601 2889 item
632 2829 776 2907 podagras
801 2838 830 2888 et
859 2829 959 2889 similis
984 2828 1126 2906 impetus.

116 2915 252 2978 ambustis
278 2915 367 2975 cruda
394 2914 535 2987 inlinitur,
569 2911 620 2971 sed
653 2912 770 2989 saepius
799 2920 922 2971 mutatur
953 2911 1128 2990 priusquam

117 3008 240 3060 arescat.

74 3093 127 3147 260
201 3079 286 3160 (98.)
312 3079 416 3140 Ferula
440 3096 539 3139 semen
562 3087 648 3138 aneto
663 3077 756 3137 simile
776 3078 874 3137 habet.
906 3093 979 3152 quae
1002 3074 1040 3135 ab
1066 3095 1128 3136 uno

117 3164 199 3225 caule
220 3164 353 3225 dividitur
378 3165 407 3223 in
428 3163 575 3222 cacumine
597 3162 702 3222 lomina
722 3169 846 3238 putatur.
877 3159 977 3219 caules
995 3158 1128 3218 eduntur
1138 3176 1163 3216 os

118 3249 247 3324 decocti,
267 3247 557 3323 commendanturque
572 3247 661 3305 muria
677 3262 710 3305 ac
729 3243 833 3317 melle,
854 3240 1001 3303 stomacho
1021 3242 1126 3301 utiles.

119 3335 162 3392 sin
185 3332 284 3409 plures
307 3331 426 3410 sumpti,
456 3331 558 3408 capitis
589 3329 720 3388 dolorem
747 3327 864 3386 iaciunt.
907 3324 990 3384 radix
1021 3324 1129 3384 denari

107 3417 248 3494 pondere
263 3417 291 3476 in
304 3417 361 3477 uini
376 3413 487 3490 cyathis
504 3411 615 3472 duobus
630 3411 736 3471 bibitur
750 3408 890 3469 adversus
902 3408 1071 3486 serpentis,
1099 3417 1130 3467 et
