2422 3840
325 196 405 244 uar.
424 195 516 245 rursu.
532 196 629 246 xv111.
648 196 692 250 es.
710 183 861 270 (te-et.)
1047 192 1106 254 153

100 347 301 411 denuntiantur
314 356 513 427 tempestates.
544 351 569 410 si
587 351 709 413 volitare
729 352 954 431 pluresstellae
969 354 1107 417 videbun·

99 441 161 509 tur,
184 449 243 511 quo
257 431 388 493 iereutur
402 432 590 494 albescentes
608 444 713 495 ventos
732 454 770 496 ex
790 438 825 496 iis
848 437 978 515 partibus
999 443 1107 501 nundu-

100 515 180 591 bunt,
198 533 253 576 una
267 517 293 576 si
307 515 496 591 cursitabant,
512 526 621 594 certos,
641 519 666 578 si
678 518 707 578 id
720 520 748 578 in
760 519 892 598 pluribus
904 520 1034 599 partibus
1046 524 1106 600 liet,

99 600 288 662 inconstantis
301 609 407 660 uentos
421 609 450 659 et
466 599 603 680 undique,
616 602 641 660 si
656 601 803 661 stellarum
817 605 971 664 errantium
982 605 1107 685 aliquam

76 681 188 743 turbes
204 683 382 759 incluserint,
400 683 510 743 imbris.
542 684 613 744 Sunt
631 685 659 744 in
680 686 764 762 signo
780 687 878 745 cancri
894 685 967 746 duae
985 689 1151 756 stellaettit

98 784 208 846 parvae
221 767 306 828 aselli
320 765 498 845 appellatae,
512 768 648 845 exiguum
659 769 735 828 iuter
746 768 811 828 illas
822 769 945 847 spatium
958 773 1105 848 optinente

97 849 241 910 nubecula
258 868 343 928 quam
356 852 512 928 praesepia
530 851 689 929 appellant.
720 851 795 911 baec
811 869 875 911 cum
895 852 978 912 caelo
999 871 1105 915 sereno

98 934 242 1013 adparere
263 933 397 1008 desierit,
418 943 502 994 atrox
522 935 615 995 hiems
638 935 777 1012 sequitur.
809 936 834 994 si
859 935 981 999 alterum
1009 955 1107 998 earum
1154 1007 1155 1010 Ἴ

98 1017 273 1094 aquiloniam
289 1018 386 1095 caligo
401 1015 528 1094 abstulit,
543 1027 643 1078 auster
657 1018 762 1094 suevit,
780 1018 805 1078 si
816 1021 981 1096 austrinam,
998 1021 1105 1099 aquilo.

63 1112 89 1154 1⁰
98 1100 192 1160 Arcus
212 1118 276 1160 eum
289 1111 356 1161 suut
371 1100 514 1181 duplices,
531 1102 645 1181 pluvias
661 1101 800 1180 nuntiant,
816 1119 833 1162 a
848 1101 954 1182 pluviis
965 1105 1104 1164 serenita-

97 1193 155 1245 tem
170 1200 228 1244 non
245 1184 366 1262 perinde
390 1193 509 1246 certam.
542 1185 669 1246 circulus
689 1185 773 1246 nubis
796 1186 874 1247 circa
894 1186 991 1248 sidera
1009 1187 1105 1265 aliqua

96 1267 231 1347 pluviam.

161 1352 245 1430 (81.)
272 1349 344 1411 Gum
360 1360 473 1413 aestate
490 1352 688 1412 uehementius
699 1353 791 1412 tonuit
806 1370 890 1430 quam
901 1352 997 1430 fulsit,
1018 1365 1151 1418 ven-354

97 1444 143 1495 tos
169 1452 207 1494 ex
231 1452 267 1494 ea
284 1445 368 1512 parte
392 1435 555 1509 denuntiat,
574 1443 674 1495 contra
694 1441 720 1494 ai
735 1436 827 1494 minus
849 1438 955 1515 tonuit,
975 1436 1102 1496 imbrem.

63 1530 89 1572 tt
100 1536 165 1579 cum
179 1534 287 1577 sereno
302 1519 387 1579 caelo
403 1518 507 1595 fulget,
519 1517 634 1596 pluviae
647 1526 731 1576 erunt
748 1527 778 1576 et
789 1519 924 1594 tonitrua,
940 1528 988 1580 aut
998 1520 1104 1580 biema-

97 1601 149 1677 bit,
163 1601 345 1662 atrocissime
356 1610 462 1676 eutem,
475 1619 540 1662 cum
553 1618 590 1659 ex
602 1599 732 1660 omnibus
745 1609 879 1679 quattuor
890 1601 1018 1680 partibus
1031 1603 1106 1663 caeli

97 1682 265 1762 fulgurabit.
295 1703 359 1745 cum
374 1684 411 1745 ab
430 1685 567 1763 aquilone
578 1691 694 1763 tantum,
710 1685 900 1762 inposterum
914 1685 989 1745 diem
1004 1704 1107 1765 aquam

97 1768 263 1847 pertendet,
283 1787 346 1829 cum
363 1787 379 1830 a
396 1768 606 1847 septentrione,
624 1777 740 1827 uentum
755 1784 829 1828 eum.
866 1787 930 1829 cum
949 1768 986 1839 ab
1008 1779 1105 1829 austro
1148 1792 1150 1796 ·

96 1851 147 1912 vel
164 1868 235 1912 coro
252 1861 301 1912 aut
318 1853 435 1913 iauouio
453 1860 539 1912 noete
561 1869 664 1912 serena
681 1850 852 1928 iulgumbit,
869 1861 986 1913 ventum
1008 1861 1037 1911 et
1054 1853 1104 1910 im·

61 1935 180 1996 nobrem
197 1954 234 1994 ex
255 1936 357 1997 iisdem
376 1937 545 2014 regionibus
569 1934 786 1997 demonstrabit.
823 1937 948 1997 tonitrua
970 1935 1104 1995 matutina

96 2028 210 2079 ventum
226 2019 399 2098 significant,
415 2020 535 2081 imbrem
549 2019 716 2079 meridiana.

160 2102 245 2182 (82.)
267 2102 368 2163 Nubes
385 2121 449 2164 cum
463 2119 570 2163 sereno
587 2103 616 2160 iu
630 2102 741 2167 caelum
756 2102 901 2181 feruntur,
919 2121 934 2162 a
951 2109 1147 2180 quacum-355

97 2204 155 2264 que
178 2194 262 2263 parte
286 2186 315 2246 id
331 2186 381 2245 liet
402 2187 481 2245 venti
502 2192 720 2262 exspectentur.
752 2185 776 2244 si
799 2184 902 2244 eodem
918 2184 986 2244 loeo
1001 2185 1102 2260 globa-

97 2268 212 2348 buntur,
228 2268 553 2347 adpropinquautesque
568 2266 625 2327 soli
640 2266 840 2341 discutientur,
859 2276 889 2326 et
905 2267 963 2327 hoc
978 2267 1013 2326 ab
1025 2269 1104 2344 aqui·

62 2371 88 2411 cs
98 2351 166 2412 lone
182 2352 243 2428 liet,
259 2361 375 2428 uentos,
391 2353 416 2411 si
432 2352 469 2412 ab
486 2360 601 2426 austro,
614 2349 713 2409 imbris
727 2349 910 2428 portendent.
940 2349 1004 2409 sole
1025 2351 1103 2408 occi·

97 2435 183 2496 dente
201 2437 226 2496 si
244 2454 283 2496 ex
303 2444 424 2515 utraque
443 2443 528 2514 parte
549 2435 612 2494 eius
635 2433 747 2495 caelum
767 2441 883 2511 petent,
903 2440 1104 2510 tempestatem

98 2519 309 2596 significabunt.
335 2520 539 2580 vehementius
554 2526 635 2578 atrae
650 2517 686 2577 ab
702 2517 815 2576 oriente
830 2516 859 2576 in
874 2525 989 2577 noctem
1002 2531 1104 2591 aquam

97 2605 248 2678 minantur,
263 2603 305 2663 ab
313 2603 467 2663 occidente
483 2603 511 2661 in
528 2610 677 2680 posterum
690 2601 775 2662 diem.
794 2601 818 2658 si
831 2599 923 2659 nubes
934 2607 965 2657 ut
975 2597 1149 2661 velleraitud

98 2686 181 2746 lanae
196 2695 369 2764 spargentur
379 2686 486 2745 multae
503 2685 539 2746 ab
555 2686 689 2760 orieme,
713 2696 814 2761 aquam
833 2685 862 2743 in
881 2682 1002 2742 triduum
1020 2700 1104 2759 prae-

61 2769 221 2845 msugtent.
255 2787 319 2828 cum
337 2769 366 2828 in
383 2769 578 2829 cacuminibus
592 2768 729 2828 montium
745 2767 837 2826 nubes
857 2765 1023 2839 consident,
1043 2766 1104 2824 hie-

97 2853 194 2912 mubit.
224 2852 249 2911 si
273 2854 420 2913 cacumina
445 2870 516 2931 pura
536 2854 621 2931 lient,
643 2850 846 2912 dissereuabit.
883 2849 959 2909 nube
984 2847 1129 2924 gravida

99 2936 285 3013 candicante,
301 2936 379 3014 quod
397 2945 502 2998 vocant
516 2945 718 3015 tempestatem
735 2933 846 3011 albam,
860 2933 972 3010 grando
987 2931 1104 2990 iumine·

97 3019 148 3079 bit.
178 3018 262 3079 caelo
285 3021 415 3098 mantis
438 3036 546 3080 sereno
566 3019 711 3079 nubecula
734 3019 863 3096 quamvis
889 3032 981 3096 parva
1008 3014 1105 3074 ilatum

97 3103 296 3181 procellosum
313 3102 401 3163 dabit.

60 3200 88 3243 au
161 3185 245 3267 (83.)
265 3185 397 3247 Nebulae
412 3184 554 3245 montibus
567 3184 779 3245 descendentes
791 3192 839 3244 aut
850 3182 935 3243 caelo
951 3181 1147 3243 cruentasset

96 3269 145 3330 vel
163 3271 192 3329 in
207 3270 331 3331 vallibus
349 3269 478 3330 sidentes
496 3268 681 3329 serenitatem
699 3267 876 3344 promittent.

162 3352 245 3432 (84.)
266 3353 313 3414 ilb
337 3354 382 3414 his
404 3353 514 3413 terreni
534 3352 618 3429 ignes
635 3367 778 3429 proxume
803 3349 975 3426 significant.
1005 3345 1106 3425 pallidi

97 3454 219 3514 namque
237 3445 504 3515 murmurantesque
520 3443 724 3514 tempestatum
738 3433 827 3493 nuntii
848 3433 1008 3493 sentiuntur
1020 3428 1110 3501 ,plu-
