2422 3840
193 197 233 260 68
533 207 564 255 c.
584 206 681 254 antur
698 206 849 254 sncunnr

193 363 339 441 bipalio
372 360 549 421 subactus
573 361 621 418 sit
646 358 817 437 beneque
841 360 995 436 gluttus.
1034 377 1110 419 cunr
1140 368 1199 421 ta·

193 445 489 519 leamdemittes,
507 443 982 521 pedetaleamopprimito.
1016 445 1197 521 siparum

193 529 412 604 descendat,
429 526 565 588 malleo
585 535 644 586 aut
660 526 821 586 mateola
840 526 1005 603 adigito‚
1035 537 1194 587 caveto·

153 623 284 692 tuoque
305 631 347 672 ne
370 611 503 671 librum
523 609 691 684 scindas,
708 628 786 669 cum
805 609 950 686 adiges.
985 610 1069 688 palo
1088 612 1194 687 prius

194 698 309 757 locum
331 715 374 756 ne
392 693 768 772 lacerisquotaleam
784 692 978 769 demittas,
994 693 1195 755 itamelius

192 783 304 840 vivet.
334 777 794 851 taleaeubitrimaesunt,
814 776 1194 855 tumdeniquccurae

193 867 280 938 siut,
304 864 363 923 ubi
386 862 483 922 liber
508 880 546 920 se
567 869 701 920 vertet.
734 862 764 920 si
784 861 820 918 in
844 859 1046 920 scrobibus
1074 870 1134 921 aut
1160 865 1196 922 iu

193 948 308 1007 sulcis
324 964 444 1021 seras,
466 953 594 1004 ternas
611 944 732 1004 taleas
748 945 876 1022 ponito
894 961 1033 1022 easque
1051 944 1194 1005 divari-

193 1040 287 1089 cato.
324 1028 935 1107 supraterramneplusquattuor
955 1026 1193 1104 digitostra·

192 1129 325 1171 versos
348 1112 543 1186 emineant,
564 1111 624 1171 vel
642 1111 750 1170 oculo
772 1113 941 1170 serito...
973 1110 1194 1188 Diligenter

193 1194 1192 1273 eximereoleamoportetctradicesquamplurumas

193 1296 270 1338 cum
302 1288 401 1338 terra
430 1278 547 1352 lerre,
579 1277 640 1337 ubi
668 1278 816 1337 radices
847 1277 941 1337 bene
972 1280 1193 1356 operueris,

193 1362 341 1422 calcare
372 1362 482 1438 bene,
509 1361 654 1440 nequid
678 1370 821 1421 noceat.
858 1363 888 1420 si
910 1363 994 1438 quis
1016 1372 1193 1440 quaerat,

192 1447 287 1523 quod
309 1455 451 1524 tempus
475 1446 582 1506 oleae
604 1446 787 1507 serendae
809 1446 872 1524 sit,
891 1462 984 1521 agro
1002 1447 1106 1505 sicco
1126 1464 1194 1524 per

151 1537 427 1604 lalsemeuteru,
452 1548 540 1607 agro
562 1529 665 1590 laeto
688 1547 754 1607 per
772 1547 845 1588 ver.
887 1529 970 1607 (30.)
996 1530 1036 1609 [l]
1060 1527 1193 1589 Olive-

191 1613 1192 1691 tumdiebusxvauteaequinoctiumvernumincipito

192 1707 331 1775 putare.
376 1716 421 1757 ex
438 1715 480 1756 co
497 1698 650 1757 diedies
672 1711 718 1756 xm
739 1704 845 1755 recte
864 1696 1027 1773 putabis.
1066 1696 1101 1755 id
1122 1696 1193 1756 lroc

192 1782 296 1840 modo
319 1789 465 1857 putato:
494 1798 563 1857 qua
590 1780 697 1839 locus
722 1788 826 1839 recte
850 1779 957 1838 ferax
982 1781 1069 1854 erit,
1097 1798 1193 1858 quae

192 1864 297 1923 arida
319 1871 426 1922 erunt
448 1872 482 1921 et
500 1864 532 1921 si
553 1862 639 1941 quid
662 1872 789 1922 ventus
805 1863 1091 1940 interfrcgerit,
1108 1864 1194 1924 inde

162 1951 164 1954 ‘
193 1965 234 2006 ca
260 1947 375 2005 omnia
402 1946 566 2008 eximito.
599 1963 663 2022 qua
686 1947 788 2006 locus
815 1947 921 2005 ferax
947 1965 1017 2007 non
1042 1947 1131 2021 erit,
1157 1947 1194 2007 id

193 2031 273 2108 plus
294 2027 484 2088 concidito
506 2037 707 2107 artatoque
729 2030 823 2089 bene
845 2029 1083 2107 enodatoque
1102 2031 1192 2089 stir-

192 2112 632 2192 pisquelevisiacito...
665 2110 1193 2173 Gircumoleasautunrnitate

194 2195 471 2274 ablaqueatoet
490 2206 639 2256 stercus
661 2196 798 2256 addito.
831 2197 891 2275 qui
913 2195 1191 2256 olivetumsae-

192 2280 1191 2359 pissimeetaltissimcmiscebit,istenuissimasra·

193 2365 298 2424 dices
321 2364 500 2424 exarabit.
536 2365 572 2424 ci
592 2365 691 2424 mule
713 2362 863 2438 arabit,
891 2362 1043 2423 radices
1067 2382 1211 2423 susum

192 2447 361 2522 abibunt,
385 2449 597 2507 crassiores
622 2449 716 2507 fient
738 2456 773 2506 et
795 2463 837 2506 eo
856 2448 889 2504 ln
913 2447 1066 2508 radices
1086 2447 1190 2506 vires

150 2531 325 2593 uaeoleae
354 2530 514 2590 abibunt.
553 2532 593 2610 [2]
629 2529 710 2603 Quae
735 2548 844 2607 genera
866 2530 995 2590 olearum
1020 2531 1101 2589 etin
1129 2549 1190 2608 quo

149 2612 342 2698 ,0¹24,‚genere
358 2623 455 2674 terrae
471 2613 584 2674 iuberet
601 2616 671 2689 seri,
689 2631 804 2692 quoque
819 2623 956 2693 spectare
971 2613 1094 2690 oliveta,
1117 2614 1190 2674 dixi·

191 2714 253 2755 mus
268 2699 296 2756 in
313 2699 424 2757 ratione
440 2698 508 2758 olei.
538 2696 625 2774 blago
642 2699 670 2756 in
687 2697 764 2757 colle
784 2706 814 2756 et
835 2698 921 2757 siccis
944 2708 973 2757 et
994 2697 1095 2774 argilla
1115 2698 1192 2757 inter

191 2789 352 2841 autumnum
374 2790 404 2840 et
425 2780 551 2840 brumam
577 2782 635 2840 scri
656 2781 754 2856 iussit,
784 2783 812 2839 in
834 2799 934 2841 crasso
956 2789 1004 2841 aut
1024 2781 1120 2840 umido
1141 2791 1192 2841 aut

191 2864 329 2941 subriguo
352 2864 417 2923 solo
439 2883 455 2923 a
476 2881 573 2922 messe
593 2864 629 2923 ad
650 2864 787 2923 brumam.
823 2865 899 2943 quod
916 2865 1106 2943 praecepisse
1126 2882 1192 2924 eum

191 2946 310 3006 Africae
324 2947 510 3023 intellegitur.
544 2945 626 3006 ltalia
644 2946 759 3025 quidem
774 2965 850 3006 nunc
863 2966 933 3007 vere
952 2966 1085 3008 maxume
1108 2950 1191 3007 serit.

191 3030 244 3088 sed
265 3031 290 3088 si
312 3040 341 3089 et
358 3039 492 3089 autumno
509 3029 614 3105 libeat,
637 3039 704 3108 post
726 3033 939 3111 aequinoctium
960 3047 1006 3092 xm
1030 3032 1133 3094 diebus
1154 3033 1193 3092 ad

190 3111 375 3186 vergiliarum
392 3130 528 3172 occasum
544 3121 678 3191 quattuor
692 3115 747 3174 soli
764 3115 827 3176 dics
847 3124 912 3175 sunt
932 3115 1036 3194 quibus
1058 3117 1116 3176 scri
1138 3133 1191 3175 no·

149 3203 199 3257 129
211 3201 284 3254 ceat.
328 3193 447 3256 Africae
470 3197 619 3275 peculiare
642 3200 718 3277 quod
737 3199 765 3258 in
792 3200 920 3260 oleastro
942 3200 1044 3259 inserit
1067 3199 1191 3278 quadam

191 3278 378 3353 aeternitate,
396 3298 459 3338 cum
475 3289 645 3359 senescant,
663 3300 803 3360 proxuma
819 3285 967 3361 adoptioni
983 3285 1065 3361 virga
1083 3285 1190 3345 emissa

191 3371 277 3440 atque
289 3362 328 3422 ita
341 3361 397 3423 alia
408 3363 514 3424 arbore
527 3382 565 3424 ex
576 3365 677 3425 eadem
690 3368 898 3429 iuvenescente
908 3369 1070 3446 iterumque
1080 3377 1108 3427 et
1117 3385 1190 3445 quo·

191 3447 264 3506 tiens
287 3463 361 3526 opus
384 3448 437 3525 sit,
465 3457 493 3508 ut
514 3450 594 3510 aevis
619 3451 721 3510 eadem
742 3451 850 3511 oliveta
874 3459 1017 3511 constent.
1053 3451 1192 3512 inseritur
