2422 3840
298 199 377 246 unu.
395 199 485 246 rusr.
502 200 600 246 xv111.
618 196 737 252 25-26.
756 188 908 266 (to-65.)
1039 189 1096 250 133

160 352 244 431 (63.)
272 353 328 412 Per
350 352 476 412 brumam
500 355 586 412 vitem
608 372 643 412 ne
666 354 764 412 colito.
808 353 881 413 Vina
902 363 959 413 tum
980 354 1139 417 delae-232

96 438 156 497 cari
172 436 221 495 vel
240 439 324 496 etiam
338 435 455 495 diffundi
473 435 602 513 Hyginus
618 437 719 496 suadet
732 455 748 496 a
761 437 895 498 coniecta
910 456 944 497 ea
964 447 1095 515 septumo

95 521 153 594 die,
170 521 268 598 utique
289 521 312 578 si
335 528 465 596 septuma
487 519 551 579 luna
574 530 727 599 conpetat,
753 538 853 580 cerasa
874 522 951 580 circa
970 521 1097 580 brumam

94 604 163 663 seri.
196 602 289 663 bubus
304 601 439 679 glandem
452 612 510 661 tum
524 603 661 682 adspergi
682 606 817 663 convenit
842 607 869 662 in
893 605 958 681 iuga
984 604 1097 680 singula

70 687 216 751 smodics.
248 687 357 764 largior
372 686 565 746 valetudinem
580 688 706 761 infestat,
724 694 753 744 et
768 704 950 764 quocumque
966 697 1097 764 tempore

94 769 187 844 detur,
206 771 231 829 si
246 772 337 828 miuus
352 783 426 828 xxx
441 769 543 829 diebus
559 771 701 831 continuis
717 770 782 828 data
800 770 852 843 sit,
875 780 989 829 narrant
1009 787 1097 829 verna

93 852 194 913 scabie
206 855 369 931 poenitere.
395 851 534 921 Materiae
547 852 713 913 caedendae
724 862 836 931 tempus
850 853 906 912 boc
917 852 1056 912 dedimus.
1072 871 1140 912 roos

92 935 205 1013 reliqna
226 953 316 1014 opera
339 945 477 995 nocturna
499 954 630 996 maxume
651 936 750 1013 vigilia
772 945 921 1012 constent,
944 954 1007 995 cum
1026 937 1140 998 sint233

93 1028 197 1078 noctes
212 1027 290 1079 tanto
306 1020 472 1098 ampliores,
488 1021 609 1098 qualos,
627 1021 728 1094 cratis,
745 1020 862 1078 fiscinas
883 1030 1004 1095 texere,
1025 1020 1098 1079 iacis

59 1125 84 1166 ιο
93 1102 234 1178 incidere,
251 1103 357 1163 ridicas
371 1120 548 1181 praeparare
565 1103 687 1164 interdiu
702 1118 786 1179 xxx,
804 1103 889 1182 palos
904 1117 961 1177 nx,
978 1104 1006 1161 in
1018 1103 1097 1162 lucu·

93 1184 225 1246 bradone
243 1188 411 1264 vespertina
426 1187 531 1247 ridicas
547 1201 579 1262 v,
597 1187 680 1266 palos
696 1202 729 1261 x,
743 1188 867 1246 totidem
883 1186 1064 1247 antelucana.

157 1269 241 1347 (64.)
266 1269 293 1328 Α
310 1269 409 1329 bruma
424 1271 451 1328 in
463 1270 607 1331 favonium
621 1267 741 1330 Caesari
753 1269 862 1331 nobilia
880 1272 975 1331 sidera
989 1272 1137 1347 signi-234

92 1352 190 1428 deaut,
206 1354 292 1412 tertio
308 1350 449 1412 kalendas
464 1351 609 1413 lanuarias
627 1356 763 1413 matutino
780 1355 858 1413 canis
872 1354 1022 1428 occidens,
1038 1371 1096 1430 quo

93 1436 140 1496 die
164 1434 279 1495 Atticae
299 1444 329 1494 et
352 1435 475 1494 finitimis
496 1436 664 1512 regionibns
692 1437 787 1514 aquila
816 1439 933 1514 vesperi
960 1436 1097 1495 occidere

57 1539 83 1580 rs
92 1517 222 1577 traditur.
253 1517 346 1596 pridie
368 1535 459 1578 nonas
481 1517 627 1578 lanuarias
650 1518 768 1579 Caesari
789 1519 941 1595 delphinus
962 1520 1097 1578 matutino

92 1601 222 1660 exoritur
238 1609 266 1660 et
282 1610 401 1678 postero
417 1601 464 1660 die
479 1601 608 1676 fidicula,
631 1619 687 1680 qno
705 1601 841 1680 Aegypto
859 1602 963 1677 sagitta
981 1602 1097 1679 vesperi

92 1685 208 1744 cecidit.
240 1687 308 1743 item
323 1685 358 1744 ad
370 1699 416 1744 vl.
443 1685 506 1744 idus
518 1685 664 1745 lanuarias
677 1685 806 1744 eiusdem
820 1685 948 1762 delphini
962 1692 1139 1762 vesper-235

91 1770 151 1827 tino
168 1784 276 1828 occasu
293 1770 419 1827 continui
435 1768 497 1827 dies
513 1769 637 1829 hiemant
658 1768 776 1844 ltaliae,
800 1787 863 1827 cum
887 1768 933 1828 sol
958 1770 985 1827 in
1009 1785 1102 1846 aqua·-

91 1853 161 1911 riam
178 1853 317 1911 sentiatur
335 1852 474 1930 transire,
504 1853 581 1932 quod
600 1853 663 1913 iere
684 1866 754 1912 xvl.
795 1852 934 1912 kalendas
956 1851 1095 1911 Februar.

55 1950 81 1991 ao
92 1935 198 2011 evenit,
215 1949 288 1995 vm.
319 1935 459 1995 kalendas
475 1937 560 1996 stella
575 1938 656 2013 regia
674 1937 821 2015 appellata
837 1936 983 1996 Tuberoni
1001 1938 1029 1994 in
1045 1954 1096 2013 pe·

91 2028 173 2078 ctore
190 2017 284 2079 leonis
304 2018 411 2079 occidit
424 2021 578 2095 matutino,
601 2029 631 2080 et
651 2021 743 2098 pridie
766 2039 856 2080 nonas
873 2019 1048 2078 Februarias
1065 2018 1096 2076 ii·

91 2100 185 2161 dicula
200 2104 328 2180 vesperi.
358 2101 446 2161 lluius
464 2105 602 2181 temporis
624 2105 787 2162 novissimis
811 2103 931 2176 diebus,
953 2102 1139 2166 ameum-236

92 2202 148 2261 que
164 2186 290 2261 patietur
306 2184 381 2243 caeli
396 2186 489 2260 ratic,
504 2193 609 2244 terram
626 2186 663 2244 ad
680 2202 810 2244 rosarum
829 2194 858 2243 et
881 2187 983 2244 vineae
1004 2196 1097 2245 satum

91 2265 324 2344 verterebipalio
332 2275 459 2344 oportet,
468 2269 616 2345 -iugero
630 2281 799 2344 operaenx
811 2267 971 2342 sufiiciunt,
983 2303 1025 2312 -
1036 2268 1096 2328 ios·

56 2370 81 2412 aa
92 2367 140 2409 sas
156 2367 282 2428 purgare
298 2359 345 2410 ant
358 2367 448 2409 novas
461 2349 576 2426 iacere,
595 2351 773 2409 antelucanis
788 2350 962 2409 ferramenta
978 2369 1095 2426 acuere,

90 2433 238 2496 manubria
253 2442 371 2512 aptare,
389 2433 467 2494 dolia
482 2451 588 2512 quassa
604 2436 730 2508 sarcire,
747 2435 842 2493 ovium
855 2435 1009 2509 tegimenta
1028 2451 1110 2520 con-³

91 2518 208 2577 cinnare
222 2519 406 2595 ipsarumque
423 2516 503 2576 lanas
519 2517 668 2578 scabendo
684 2535 819 2595 purgare.

155 2599 238 2678 (65.)
256 2601 296 2679 [1]
321 2599 474 2661 Afavonio
493 2602 521 2659 in
538 2602 751 2678 aequinoctium
766 2619 885 2660 vernum
904 2599 1023 2662 Caesari
1043 2603 1138 2665 silki

90 2683 218 2760 gnificat,
234 2697 324 2744 xl111.
354 2683 494 2746 kalendas
506 2683 589 2744 lilart.
602 2685 725 2744 triduum
738 2686 827 2760 varie,
848 2694 964 2745 etvl11.
996 2685 1095 2744 kalen·

55 2785 80 2826 ao
91 2766 143 2826 das
158 2766 315 2828 hirundinis
330 2769 393 2829 visu
409 2778 438 2829 et
455 2778 575 2848 postero
593 2770 640 2829 die
660 2772 766 2828 arcturi
790 2779 892 2828 exortu
915 2770 1095 2845 vespertino,

89 2851 158 2910 item
173 2852 260 2909 tertio
276 2868 367 2911 nonas
382 2851 465 2912 blant.
489 2851 599 2912 Caesar
614 2855 710 2911 cancri
726 2862 829 2912 exortu
842 2853 869 2911 id
882 2852 944 2910 fieri
957 2851 1095 2911 observa·

91 2935 147 3008 vit,
169 2935 261 2992 maior
283 2952 350 3012 pars
373 2944 520 2994 auctorum
542 2936 739 2995 vindemitoris
755 2953 886 3009 emersu,
912 2944 1017 2995 octavo
1032 2936 1095 2994 idus

91 3017 229 3095 aquilonii
243 3018 334 3095 piscis
351 3026 454 3077 exortu
472 3027 501 3076 ct
517 3027 636 3095 postero
655 3019 701 3078 die
717 3018 841 3078 Orionis.
872 3019 900 3076 in
921 3018 1018 3078 Attica
1032 3020 1094 3078 mil·

91 3119 158 3162 vom
174 3096 319 3178 adparere
341 3110 483 3160 servatur.
518 3099 629 3162 Caesar
653 3110 682 3162 et
697 3102 760 3161 idus
780 3101 897 3160 Martias
917 3102 1017 3161 feralis
1040 3102 1094 3160 sibi

53 3186 198 3247 annotavit
213 3185 376 3263 scorpionis
392 3202 517 3260 occasu,
540 3199 596 3245 xv.
629 3185 770 3244 kalendas
792 3203 862 3243 vero
878 3184 972 3262 April.
995 3184 1095 3245 ltaliae

88 3269 205 3328 milvom
216 3268 341 3343 ostendi,
359 3281 421 3328 ΧΗ.
456 3267 595 3328 kalendas
613 3286 695 3327 ecum
713 3269 852 3328 occidere
874 3271 1020 3327 matutino.
1053 3268 1092 3344 [a]

88 3351 151 3412 Hoc
163 3352 344 3413 intervallum
357 3353 496 3430 temporis
507 3352 722 3428 vegetissimum
734 3353 873 3428 agricolis
887 3367 1077 3427 maxumeque
1085 3359 1137 3414 238

90 3451 246 3514 operosum
262 3445 317 3513 est,
333 3438 361 3496 in
378 3453 436 3513 quo
454 3438 611 3514 praecipue
626 3434 773 3494 falluntur.
803 3453 903 3510 neque
913 3435 996 3489 enim
1004 3449 1045 3484 en
1055 3432 1110 3482 §xe
