2422 3840
130 178 188 240 120
472 191 502 238 c.
519 189 781 238 ru1u1suouuo1
853 259 855 262 ι

128 355 202 406 caut.
228 344 314 405 Circa
328 343 479 422 Philippos
495 352 652 403 ateramum
667 343 812 403 nominant
826 344 855 401 iu
869 344 968 421 pingui
983 343 1048 402 solo
1066 342 1129 403 ber·

126 429 192 489 bam
219 445 275 506 qua
297 426 364 488 laba
382 435 520 502 necatur,
543 435 681 486 teramum
703 443 759 505 qua
781 428 810 486 in
830 444 946 501 macro,
967 444 1032 487 cum
1048 426 1129 486 udam

84 512 260 590 nusquitan
275 519 378 570 ventus
394 509 521 571 adflavit.
547 509 645 570 Acrae
659 527 781 588 granum
795 511 947 568 minumum
965 518 1010 569 est
1023 511 1052 570 iu
1065 525 1129 569 cor·

126 597 184 655 tice
200 592 344 654 aculeato.
381 613 445 654 cum
464 602 508 653 est
531 593 673 672 inpane,
697 594 851 654 celerrime
873 593 1034 671 vertigines
1050 593 1130 668 lacit,

128 681 262 756 aiuntque
278 679 307 737 in
322 678 392 737 Asia
414 686 443 736 et
459 675 582 738 Graecia
597 676 800 754 balneatores,
823 695 886 737 cum
907 677 998 737 velint
1021 676 1152 738 turbamc

128 763 259 841 pellere,
284 760 460 821 carbonibus
480 762 509 821 id
531 779 632 821 semen
653 761 773 822 inicere.
811 762 939 821 uescitur
961 770 991 820 et
1014 761 1130 840 pbalan-

126 847 196 923 gion
212 847 241 905 iu
256 863 344 919 ervo,
367 844 493 904 bestiola
514 847 613 906 aranei
634 846 770 922 generis,
794 845 819 904 si
840 845 931 904 hiems
952 862 1060 922 aquosa
1083 845 1128 902 sit.

126 931 247 991 limaces
261 937 417 988 nascuntur
431 930 460 988 iu
474 929 566 1004 vicia,
590 937 618 989 et
640 928 794 1008 aliquando
811 947 827 987 e
843 937 921 988 terra
945 929 1066 988 cocleae
1080 927 1130 986 mi·

126 1023 213 1074 nutae
238 1014 339 1072 mirum
362 1012 392 1071 in
416 1011 531 1071 modum
556 1013 712 1072 erodentes
738 1030 811 1071 cam.
841 1010 878 1071 Et
900 1013 995 1072 morbi
1015 1011 1131 1089 quidem

126 1098 190 1156 iere
208 1096 237 1155 hi
254 1105 329 1154 sunt.
1140 1097 1166 1152 rc

86 1190 134 1244 157
196 1179 280 1258 (45.)
302 1178 441 1239 Remedia
466 1195 566 1237 eorum
585 1197 785 1259 quaecumque
807 1182 954 1258 pertinent
971 1180 1005 1240 ad
1025 1178 1133 1238 herbas

126 1266 155 1324 in
172 1263 289 1322 sarculo
305 1272 344 1338 et,
366 1280 430 1322 cum
447 1279 547 1322 semen
562 1262 699 1340 iactatur,
719 1265 828 1323 cinere.
862 1282 936 1341 quae
956 1279 1028 1324 vero
1043 1263 1072 1321 iu
1087 1281 1132 1321 se-

126 1347 202 1407 miue
223 1355 252 1405 et
268 1348 346 1406 circa
360 1345 488 1405 radicem
504 1348 665 1407 consistunt
680 1346 879 1426 praecedente
895 1366 964 1409 cura
982 1355 1132 1408 caventur.

125 1431 201 1491 Viuo
224 1439 253 1490 et
273 1430 383 1489 semina
405 1430 525 1507 perlusa
539 1432 631 1490 miuus
648 1440 804 1508 aegrotare
826 1431 997 1492 existimant.
1027 1430 1131 1506 Vergi·

126 1516 182 1576 lius
197 1514 273 1574 nitro
295 1522 325 1574 et
342 1530 460 1574 amurca
484 1514 618 1592 perfundi
639 1514 719 1574 iubet
739 1513 843 1574 labam.
872 1516 915 1574 sic
941 1516 1026 1575 etiam
1046 1531 1131 1591 gran
1143 1527 1167 1568 rs

86 1608 136 1662 158
148 1599 272 1659 descere
287 1599 435 1677 promittit.
468 1597 582 1675 quidam
595 1616 680 1675 vero,
702 1599 727 1657 si
744 1598 838 1658 triduo
862 1608 928 1658 ante
946 1607 1036 1658 satum
1052 1598 1133 1657 urina

129 1692 158 1742 et
179 1700 253 1761 aqua
274 1690 455 1758 maceretur,
479 1683 639 1759 praecipue
665 1682 839 1741 adolescere
860 1691 968 1760 putant.
1004 1690 1050 1740 ter
1072 1682 1132 1758 qui·

126 1766 192 1827 dem
208 1767 324 1825 saritam
338 1765 464 1825 modium
488 1764 601 1825 fractae
618 1784 634 1824 e
651 1766 748 1825 modio
765 1765 878 1825 solidae
900 1765 1042 1840 reddere,
1065 1764 1132 1824 reli·

127 1869 183 1929 qua
200 1851 307 1909 semina
324 1849 457 1927 cupressi
472 1847 551 1907 loliis
567 1849 658 1907 tunsis
674 1851 699 1908 si
714 1850 899 1925 misceantur,
914 1866 972 1908 non
987 1867 1055 1908 esse
1068 1866 1132 1907 ver·

126 1933 238 1993 miculis
262 1931 404 2007 obnoxiu,
428 1949 484 1990 nec
510 1932 534 1989 si
560 1932 714 1992 interlunio
742 1941 884 1992 serantur.
913 1933 994 1992 multi
1016 1932 1052 1993 ad
1073 1930 1132 1990 mili
1141 1941 1166 1981 ²⁰

126 2014 254 2076 remedia
282 2013 413 2074 rubetam
434 2023 522 2074 noctu
545 2033 615 2075 arvo
639 2016 820 2076 circumferri
840 2017 938 2076 iubent
953 2016 1032 2094 prius
1048 2032 1133 2092 quam

128 2101 265 2174 sanatur,
285 2097 443 2178 defodique
459 2098 488 2157 iu
503 2099 600 2159 medio
617 2101 757 2159 inclusam
773 2100 863 2160 lictili.
893 2101 933 2160 ita
954 2117 1010 2159 nec
1031 2116 1131 2178 passe·

126 2201 188 2242 reru
204 2199 260 2241 nec
273 2183 381 2241 vermis
401 2199 528 2259 nocere,
549 2182 602 2243 sed
619 2185 773 2244 eruendam
790 2185 871 2263 prius
894 2201 979 2262 quam
999 2189 1130 2256 metatur,

127 2266 256 2344 alioquin
271 2282 397 2326 amarum
418 2266 491 2326 fieri.
523 2269 590 2345 quin
605 2277 635 2328 et
656 2286 735 2329 armo
755 2267 854 2346 talpae
875 2275 1007 2327 contacta
1023 2265 1133 2325 semina

85 2360 136 2416 159
147 2349 285 2411 uberiora
312 2369 393 2411 esse.
427 2350 612 2411 Democritus
641 2369 712 2411 suco
741 2351 851 2411 herbae
876 2369 949 2429 quae
969 2348 1169 2428 appellaturus

128 2436 257 2509 aizoum,
277 2435 306 2492 in
326 2435 434 2513 tegulis
454 2452 595 2510 nascens,
619 2443 650 2494 et
665 2434 701 2495 ab
717 2435 781 2494 aliis
803 2452 918 2510 aesum,
939 2434 1037 2494 Latine
1056 2447 1130 2489 vero

129 2517 231 2576 sedum
256 2526 304 2577 aut
331 2517 498 2596 digitillum,
533 2518 676 2578 medicata
704 2519 762 2578 seri
788 2517 869 2578 iubet
895 2519 988 2577 omnia
1012 2514 1130 2576 semina.

127 2600 217 2676 volgo
233 2617 323 2677 vero,
345 2604 370 2660 si
387 2601 479 2661 uredo
493 2610 599 2662 noceat
615 2609 645 2661 et
658 2620 774 2662 uermes
788 2601 934 2662 radicibus
954 2600 1132 2673 inhaereant,

128 2686 287 2744 remedium
305 2693 349 2744 est
369 2703 484 2745 amurca
504 2703 576 2763 pura
594 2703 629 2745 ac
655 2687 717 2745 siue
741 2685 802 2745 sale
823 2703 980 2764 spargere,
1006 2683 1074 2743 dein
1088 2699 1132 2741 su·

128 2768 203 2845 rire,
226 2769 250 2827 si
266 2770 294 2827 in
309 2767 460 2828 articulum
475 2786 564 2845 seges
581 2770 625 2827 ire
642 2769 785 2847 coeperit,
808 2787 949 2844 runcare,
972 2786 1008 2827 nc
1022 2765 1167 2826 berbueto

86 2859 137 2914 160
148 2853 272 2913 vincant.
313 2851 429 2910 Pestem
450 2868 466 2910 a
489 2848 567 2910 milio
591 2859 677 2928 atque
698 2853 819 2930 panico,
847 2862 1010 2913 sturnorum
1032 2866 1132 2928 passe·

126 2953 228 2994 rumve
244 2934 374 3011 agmina,
399 2934 462 2994 scio
484 2933 561 3011 abigi
583 2933 675 2994 herba
697 2935 778 2994 cuius
800 2953 906 2996 nomen
924 2937 1053 3014 ignotum
1076 2941 1132 3006 est,

127 3017 155 3074 iu
171 3026 305 3092 quattuor
320 3016 433 3092 angulis
450 3019 562 3094 segetis
580 3017 716 3094 defossa,
738 3020 838 3078 mirum
852 3020 948 3096 dictu,
973 3028 1003 3078 ut
1018 3017 1132 3077 omuino

126 3098 205 3158 nulla
222 3100 283 3159 avis
299 3101 394 3158 intret.
431 3117 529 3159 mures
552 3099 706 3180 abiguntur
722 3104 821 3163 cinere
842 3104 985 3163 mustelae
1000 3101 1049 3160 vel
1065 3101 1132 3160 felis

128 3181 218 3242 diluto
234 3190 264 3241 et
289 3183 399 3243 semine
425 3201 529 3261 sparso
550 3185 599 3245 vel
619 3185 806 3247 decoctarum
824 3205 908 3266 aqua.
948 3186 1000 3246 sed
1016 3182 1166 3244 redolet'as

126 3266 205 3326 virus
220 3265 383 3326 animalium
396 3284 497 3327 eorum
513 3269 599 3328 etiam
614 3271 642 3329 iu
658 3288 743 3349 pane.
773 3270 811 3330 ob
826 3271 854 3330 id
869 3270 942 3330 lelle
957 3267 1067 3329 bubulo
1085 3284 1131 3326 se·

86 3359 134 3413 161
147 3349 221 3413 mina
237 3351 338 3428 attingi
360 3350 458 3411 utilius
469 3361 579 3429 putant.
609 3352 726 3430 Robigo
742 3355 873 3433 quidem,
895 3369 1027 3414 maxuma
1043 3368 1131 3427 sege·

126 3443 183 3492 tum
197 3436 311 3511 pestis,
334 3434 407 3495 lauri
429 3435 515 3496 ramis
537 3436 565 3494 in
581 3453 650 3495 arvo
677 3437 781 3497 defixis
797 3437 942 3497 transitio
957 3455 992 3496 ea
1007 3432 1078 3495 lolia
1094 3450 1133 3493 ex
