2422 3840
128 182 189 244 266
466 191 496 239 c.
512 191 609 238 norm
627 189 777 239 succum

128 348 181 407 bus
199 346 303 406 crebro
320 345 440 405 Graecis
456 344 616 404 nominibus
633 344 768 404 utendum
782 353 843 419 est,
866 344 1139 420 interpretationem

128 449 228 490 eorum
245 428 338 488 semel
350 429 407 488 hoc
423 430 451 487 in
467 428 534 489 loco
549 446 705 506 ponemus:
729 427 871 487 Drachma
886 427 999 505 Attica,
1013 461 1058 472 -
1072 427 1140 486 lere

127 516 203 573 enirn
220 513 316 572 Attica
339 514 543 572 observatione
563 512 668 571 medici
685 518 800 570 utuntur
814 545 871 586 -‚
885 510 984 569 denari
1003 512 1141 587 argentei

127 595 215 656 habet
240 597 369 674 pondus,
384 597 544 673 cademque
555 609 592 654 vt
604 594 709 654 obolos
721 594 852 672 pondere
865 594 973 668 eflicit,
993 593 1102 654 obolus
1115 607 1141 653 x

126 679 258 740 chalcos.
283 680 402 755 cyathus
420 680 528 757 pendet
544 679 694 739 drachmas
711 692 744 736 x.
761 695 825 736 cum
841 676 985 738 acetabuli
1000 695 1163 740 mensurae

127 763 246 837 dicitnr,
264 763 407 840 significat
420 764 551 823 heminae
564 771 708 842 quartam,
723 761 751 821 id
765 771 810 820 est
825 762 976 821 drachmas
988 775 1047 822 xv,
1060 779 1139 839 mna,

125 864 210 924 quam
225 849 316 906 nostri
331 849 432 906 minam
447 855 569 922 vocant,
589 846 697 923 pendet
713 844 864 905 drachmas
880 845 991 905 Atticas
1009 857 1039 905 e.

496 1171 731 1180 --·—-——-——

368 1444 402 1526 u
432 1443 584 1526 rurur
610 1408 847 1529 suuuu'nr

197 1612 586 1707 Nlllllllbll
629 1611 1015 1707 lllllllllllll

437 1792 778 1857 ntssnuxxu.

533 1971 685 1980 -—--—..

103 2107 118 2158 1
184 2093 331 2172 (Secti.)
352 2091 487 2171 Inplesse
515 2103 650 2172 poterant
669 2096 836 2156 miraculum
859 2097 904 2156 sui
926 2101 1025 2153 natura
1047 2103 1137 2171 atque

124 2177 212 2237 tellus
241 2177 384 2256 reputanti
413 2177 461 2236 vel
484 2180 589 2256 prioris
617 2188 724 2239 tantum
744 2180 897 2239 voluminis
917 2178 1000 2237 dotes
1030 2185 1136 2254 totquc

121 2279 233 2337 genera
245 2261 397 2321 herbarum
410 2262 579 2322 utilitatibus
593 2263 738 2323 hominum
749 2273 797 2322 aut
811 2260 1008 2340 voluptatibus
1022 2261 1135 2336 genita.

121 2344 178 2404 sed
193 2354 299 2423 quanto
315 2345 397 2423 plura
413 2354 522 2405 restant
537 2356 702 2424 quantoque
717 2345 892 2406 mirabiliora
913 2340 1054 2404 inventu?
1083 2343 1169 2404 illac

122 2429 198 2487 enirn
214 2431 323 2488 maiore
340 2429 367 2486 in
385 2438 468 2505 parte
488 2428 544 2489 cibi
560 2439 608 2489 aut
624 2430 722 2490 odoris
742 2430 898 2489 decorisve
921 2427 1136 2488 commendatio

123 2510 161 2570 ad
176 2529 330 2572 numerosa
346 2513 544 2590 experimenta
560 2513 654 2589 duxit,
676 2513 852 2590 reliquarum
872 2513 1002 2591 potentia
1026 2511 1136 2590 adpro·

123 2593 171 2653 bat
194 2595 263 2655 nihil
285 2595 321 2656 ab
337 2614 432 2656 rerum
449 2605 549 2656 natura
564 2597 625 2656 sine
643 2597 738 2674 aliqua
755 2596 916 2656 occultiore
934 2611 1022 2655 causa
1040 2595 1134 2672 gigni.

100 2683 118 2738 2
181 2676 252 2756 Cap.
272 2681 298 2740 1.
321 2679 382 2758 (2.)
404 2678 547 2758 Equidem
563 2688 592 2738 et
611 2681 723 2741 formae
740 2682 833 2758 gratia
848 2681 977 2758 ritusque
994 2680 1136 2756 perpetui

123 2761 152 2819 in
168 2763 342 2840 corporibus
357 2764 416 2822 suis
438 2764 550 2843 aliquas
566 2772 730 2823 exterarum
752 2765 879 2840 gentium
894 2764 933 2822 uti
948 2761 1050 2822 herbis
1070 2762 1167 2840 qui-co

122 2843 242 2906 busdam
259 2847 378 2907 adverto
392 2847 494 2905 animo.
511 2846 631 2906 inlinunt
647 2855 728 2907 certe
745 2847 809 2906 aliis
825 2847 899 2907 aliae
917 2846 1021 2906 faciem
1033 2846 1063 2904 in
1079 2863 1135 2924 po·

122 2929 198 3008 pulis
219 2929 407 2994 barbarorum
427 2930 567 3006 feminae,
594 2948 748 3008 maresque
775 2932 858 2992 etiam
882 2929 958 3008 apud
978 2924 1080 2989 Dacos
1105 2938 1136 2988 et
1161 2962 1165 2968 ·

122 3014 268 3073 Sarmatas
290 3029 416 3090 corpora
436 3031 487 3072 sua
511 3013 678 3078 inscribunt.
712 3014 812 3075 similis
831 3014 990 3093 plantagini
1006 3013 1136 3090 glastum

123 3097 151 3154 in
169 3096 261 3155 Gallia
276 3105 414 3172 vocatur,
431 3097 628 3158 Britannorum
650 3099 791 3175 coniuges
814 3115 960 3176 nurusque
980 3105 1044 3156 toto
1067 3115 1134 3157 cor·

123 3196 197 3257 pore
220 3179 330 3240 oblitae
348 3179 516 3260 quibusdam
538 3183 566 3240 in
585 3184 676 3242 sacris
696 3184 789 3242 nudae
806 3180 1169 3261 incedunthethiopumns

124 3264 253 3324 colorem
268 3265 420 3325 imitantes.

100 3354 118 3407 3
180 3348 210 3408 2.
235 3349 294 3425 (3.)
316 3348 375 3409 lam
400 3366 473 3409 vero
500 3349 577 3409 inlici
604 3351 696 3409 vestis
725 3352 830 3410 scimus
858 3347 1020 3410 admirabili
1049 3348 1133 3427 luco,

111 3439 205 3510 atque
228 3441 260 3494 ut
278 3433 418 3496 sileamus
440 3432 586 3512 Galatiae,
608 3434 744 3512 Africae,
766 3433 927 3494 Lusitaniae
943 3433 1043 3510 grauis
1063 3448 1143 3521 coe-1

1023 3522 1028 3547 l
