2422 3840
2 1376 4 1445 1

164 152 225 215 200
508 163 537 212 c.
554 163 815 212 enrmsncunnr

164 319 368 394 collectiones,
386 335 473 380 sucus
489 317 604 378 decocti
621 327 750 379 ventrem
765 319 862 396 solvit,
880 320 1001 381 iocineri
1015 329 1043 381 et
1055 322 1177 382 renibus

164 413 193 463 et
205 401 354 462 stomacho
367 402 497 479 prodest.
523 402 602 478 bem,
619 403 643 462 si
655 403 684 462 in
696 411 780 463 aceto
793 402 985 483 decoquatur,
1000 399 1099 464 urinae
1114 415 1176 465 tor·

162 488 235 546 mina
251 485 376 560 discutit,
393 486 461 544 item
475 485 606 544 morbum
620 487 732 563 regium
750 504 765 545 e
782 484 892 564 mulso,
915 488 940 547 si
955 489 1017 547 sine
1034 487 1110 547 febri
1126 490 1175 547 sit.

161 570 289 629 vesicam
304 567 427 628 adiuvat.
461 568 611 628 mulierum
640 569 754 648 quidem
776 571 994 648 purgationibus
1018 571 1176 632 decoctum

162 655 190 713 iu
204 671 277 731 aqua
292 651 366 712 adeo
386 651 507 730 prodest
523 660 554 711 ut
567 661 715 712 emortuos
728 663 827 732 partus
839 653 941 714 trahat.
975 654 1100 714 adiciunt
1113 654 1202 715 lla-c

162 738 191 814 gi
210 753 280 796 suco
297 737 384 796 totius
399 752 462 796 cnm
478 735 545 795 oleo
562 746 719 814 perunctos
739 736 961 797 favorabiliores
979 737 1040 796 lieri
1053 746 1082 797 et
1095 756 1176 815 quae

162 821 251 881 velint
273 819 387 881 facilius
409 821 577 898 impetrare.
614 821 692 898 quod
714 818 830 898 quidem
855 829 977 900 propter
996 821 1178 898 singularem

163 903 359 964 salubritatem
377 902 465 981 aliqui
482 902 620 963 chreston
634 903 792 983 appellant,
810 903 858 962 alii
871 906 1050 982 pancration.

119 998 154 1053 75
210 983 291 1066 (31.)
304 986 358 1046 Est
370 995 398 1046 et
412 986 548 1046 silvestre
559 1005 664 1064 genus,
674 987 723 1048 alii
735 986 919 1065 hedypnoida
932 996 1047 1063 vocant,
1061 987 1177 1047 latioris

162 1072 223 1132 loli.
254 1069 430 1129 stomachum
446 1069 616 1131 dissolutum
633 1070 783 1147 adstringit
806 1078 906 1146 cocta,
930 1070 1076 1149 crudaque
1098 1071 1207 1131 sistitr

163 1155 265 1214 alvom.
303 1163 332 1212 et
356 1152 539 1228 dysintericis
560 1153 697 1232 prodest,
722 1154 814 1230 magis
840 1169 902 1212 cum
925 1153 1013 1214 lente.
1042 1163 1129 1232 rupta
1145 1164 1178 1213 et

2 1223 3 1303 f
91 1263 94 1268 ·
163 1236 303 1297 convolsa
316 1244 440 1314 utroque
453 1255 564 1314 genero
579 1239 727 1314 iuvantur,
743 1237 811 1296 item
826 1237 959 1314 genitura
976 1237 1080 1315 quibus
1092 1237 1176 1297 vale-

161 1320 264 1381 tudinis
281 1319 383 1380 morbo
401 1320 509 1382 ellluat.

119 1416 154 1470 76
229 1400 310 1488 (32.)
333 1404 413 1464 Seris
436 1414 464 1464 et
485 1407 549 1482 ipsa
573 1405 706 1464 lactucae
729 1404 872 1464 simillima
897 1404 1016 1465 duorum
1032 1423 1176 1481 generum

163 1499 222 1550 est:
239 1488 382 1548 silvestris
398 1488 511 1567 melior,
528 1490 611 1565 nigra
625 1489 679 1547 ista
702 1496 730 1546 et
751 1489 880 1562 aestiva,
902 1488 1031 1548 deterior
1051 1487 1197 1548 hibernar

164 1583 192 1634 et
208 1572 366 1634 candidior.
397 1582 517 1651 utraque
532 1588 644 1646 amara,
661 1570 811 1632 stomacho
827 1572 994 1647 utilissima,
1012 1574 1177 1651 praecipue

164 1675 248 1737 quem
263 1673 346 1716 umor
360 1664 458 1715 vexet.
490 1671 553 1714 cum
568 1662 653 1715 aceto
667 1654 696 1713 in
713 1655 778 1715 cibo
795 1655 972 1732 refrigerant
991 1656 1039 1715 vel
1061 1655 1177 1731 inlitae,

121 1749 153 1804 77
164 1740 377 1817 discutiuntque
394 1748 423 1797 et
437 1738 511 1798 alios
531 1756 615 1816 quam
631 1737 783 1798 stomachi.
812 1757 876 1798 cum
895 1739 1014 1817 polenta
1031 1738 1178 1799 silvestri·

164 1844 210 1885 um
225 1823 339 1884 radices
355 1821 496 1881 stomachi
513 1839 601 1881 causa
617 1821 787 1903 sorbentur,
812 1830 841 1880 et
856 1822 998 1882 cardiacis
1019 1822 1179 1883 inlinuntur

163 1906 251 1986 super
263 1906 405 1965 sinistram
420 1920 578 1980 mammam,
595 1913 625 1963 et
639 1921 677 1962 ex
691 1912 788 1979 aceto,
804 1922 905 1966 omnes
918 1904 973 1966 hae
991 1915 1019 1965 et
1036 1905 1176 1983 podagri·
1188 1927 1208 1967 1.

165 1993 206 2050 cis
217 1989 303 2048 utiles
320 1996 349 2046 et
364 1987 531 2064 sangninem
548 1987 752 2063 reicientibus,
769 1989 835 2047 item
851 1989 955 2066 quibus
973 1990 1105 2066 genitura
1122 1989 1176 2049 llu-

162 2083 201 2150 at,
219 2071 331 2131 alterno
348 2070 458 2130 dierum
474 2079 553 2150 potu.
588 2069 741 2131 Petronius
757 2069 917 2148 Diodotus,
935 2073 983 2150 qui
999 2072 1176 2150 anthologu·

162 2173 246 2216 mena
258 2155 391 2234 scripsit,
408 2156 436 2214 in
451 2165 541 2216 totum
556 2155 697 2215 damnavit
712 2157 799 2215 serim
813 2156 908 2216 multis
926 2156 1018 2216 modis
1033 2173 1177 2234 arguens,

163 2241 215 2300 sed
233 2240 353 2300 aliorum
370 2241 493 2300 omnium
510 2240 609 2318 opinio
629 2240 745 2298 resistit.

54 2341 56 2344 ’
121 2309 154 2388 18
227 2323 256 2384 9.
279 2319 358 2406 (33.)
381 2323 534 2384 Brassioae
555 2323 655 2383 laudes
677 2323 794 2399 longum
816 2332 861 2382 est
891 2324 1029 2400 exsequi,
1057 2339 1122 2382 cunr
1145 2299 1211 2383 et

164 2405 344 2486 Chrysippus
359 2407 488 2467 medicus
504 2407 636 2484 privatim
652 2406 830 2466 volumen
803 2424 830 2464 er
847 2404 987 2466 dicaverit
1003 2423 1056 2484 per
1073 2407 1177 2484 singu-

164 2492 192 2552 la
207 2488 334 2551 membra
349 2489 473 2551 hominis
491 2489 644 2566 digestum,
661 2499 690 2549 et
703 2486 870 2566 Dieuches,
887 2497 952 2548 ante
969 2489 1060 2548 omnis
1076 2498 1177 2550 antem

164 2574 363 2651 Pythagoras,
383 2583 412 2633 et
427 2570 499 2633 Cato
516 2591 573 2633 non
589 2573 705 2651 parcius
722 2571 934 2649 celebraverit,
956 2574 1036 2633 cuius
1055 2583 1177 2634 senten-

163 2659 230 2718 tiam
246 2656 296 2716 vel
313 2676 348 2717 eo
365 2658 530 2735 diligentius
542 2658 680 2735 persequi
693 2674 746 2735 par
761 2666 823 2733 est,
840 2665 870 2716 ut
884 2665 1021 2717 noscatur
1038 2673 1094 2735 qua
1114 2676 1176 2717 nre·

121 2741 255 2805 79dioina
271 2756 339 2798 usus
359 2742 395 2800 sit
412 2742 491 2800 annis
521 2753 568 2800 Do
582 2739 726 2799 Romanus
750 2740 885 2818 populus.
923 2739 954 2801 ln
978 2742 1028 2800 tris
1052 2743 1208 2818 speciesa

164 2825 290 2886 divisere
308 2841 371 2884 eam
387 2822 491 2883 Graeci
507 2823 708 2902 antiquissimi:
731 2825 864 2902 crispam,
882 2841 966 2903 quam
977 2821 1108 2884 selinada
1121 2842 1175 2884 vo-

163 2911 301 2968 caverunt
316 2926 332 2967 a
347 2906 530 2967 similitudine
546 2908 592 2984 api
610 2906 761 2984 loliorum,
778 2907 928 2967 stomacho
944 2907 1058 2982 utilem,
1074 2906 1177 2967 alvom

163 2993 276 3052 modice
291 2991 479 3066 mollientem,
496 2989 615 3049 alteram
628 2991 746 3068 heliam,
762 2990 826 3051 latis
841 2990 919 3051 loliis
936 3010 952 3050 e
965 2989 1048 3051 caule
1062 3007 1176 3050 exeun-

163 3074 250 3150 tibus,
267 3074 344 3134 unde
362 3073 513 3134 caulodem
530 3072 643 3151 quidam
666 3091 829 3150 vocavere,
853 3074 958 3134 nullius
977 3076 1005 3133 in
1026 3072 1176 3135 medicina

163 3159 308 3217 momenti.
339 3159 423 3218 tertia
436 3166 481 3217 est
495 3158 615 3235 proprie
627 3157 774 3236 appellata
787 3157 913 3232 crambe,
929 3155 1108 3217 tenuioribus
1126 3157 1173 3216 lo-

162 3241 209 3303 liis
227 3249 256 3300 et
270 3241 446 3322 simplicibus
464 3240 714 3321 densissimisque,
738 3242 860 3300 amarior
879 3241 932 3300 sed
955 3239 1174 3301 efficacissima·

119 3323 239 3393 soCato
257 3326 380 3405 crispam
396 3342 527 3384 maxume
547 3325 668 3404 probat,
695 3324 760 3385 dein
781 3325 876 3385 levem
897 3322 1052 3400 grandibus
1077 3322 1174 3404 loliis,

161 3410 247 3470 caule
261 3425 377 3490 magno.
411 3408 554 3488 prodesse
570 3408 654 3469 tradit
666 3409 768 3488 capitis
780 3405 941 3483 doloribus,
957 3404 1109 3466 oculorum
1123 3424 1175 3467 ca·
