2422 3840
129 192 190 255 228
460 194 766 245 commanebam

130 376 218 436 gare,
240 369 398 434 persanare
421 352 609 430 promittens,
631 348 718 408 inlitis
741 348 826 407 etiam
847 344 1018 406 volneribus
1033 361 1050 404 a
1067 360 1144 404 cane
1210 382 1211 407 r

132 442 218 501 iactis
232 448 317 498 tunso
333 454 396 495 oum
412 435 536 512 axungia
548 433 652 492 veleri.

88 537 140 589 245
216 521 300 601 (99.)
321 518 487 596 Serpyllnm
503 535 519 577 a
536 516 681 594 serpendo
697 524 795 594 putant
809 514 925 589 dictum,
950 511 1031 590 quod
1045 513 1079 571 in
1094 511 1144 572 sil·

130 607 221 665 vestri
238 604 351 679 evenit,
371 603 399 661 in
416 603 506 681 petris
521 618 664 662 maxume.
693 601 814 659 sativom
829 616 888 657 non
902 597 1011 674 serpit,
1036 595 1094 656 sed
1109 596 1145 658 ad

131 689 256 769 palmum
271 686 419 747 altitudine
440 685 588 746 increscit.
619 684 753 763 pinguius
775 683 965 743 voluntarium
986 689 1016 739 et
1039 680 1169 742 candi-s

132 770 260 833 dioribns
275 771 354 831 ioliis
371 771 533 846 ramisque,
554 768 695 828 adversus
710 767 855 846 serpentis
868 765 983 841 eiiioax,
1006 781 1146 825 maxume

132 855 278 915 cenchrim
295 864 324 914 et
339 852 550 930 scolopendras
566 852 715 912 terrestris
731 869 766 910 ac
777 851 900 910 marinas
912 859 941 909 et
953 849 1145 927 scorpiones,

133 941 262 999 decoctis
280 956 317 996 ex
333 938 401 995 vino
424 936 510 995 ramis
530 935 677 1013 foliisque.
712 933 793 1011 iugat
817 943 846 993 et
864 933 955 993 odore
979 934 1094 1010 omnis,
1123 935 1147 992 si

89 1032 141 1086 246
152 1031 266 1096 uratur,
288 1029 316 1079 et
332 1029 432 1078 contra
449 1019 621 1077 marinorum
635 1035 748 1077 venena
766 1018 925 1096 praecipue
939 1016 1030 1079 valet.
1065 1019 1146 1096 capi·

133 1106 170 1163 tis
185 1102 334 1163 doloribus
349 1103 503 1160 decoctum
519 1101 547 1158 in
563 1110 645 1160 aceto
663 1100 790 1161 inlinitur
803 1099 982 1180 temporibus
998 1117 1033 1160 ao
1054 1100 1147 1160 fronti
1155 1118 1176 1159 m
1210 1162 1211 1171 ,

133 1204 196 1245 cum
211 1201 354 1257 rosaceo,
378 1185 445 1242 itern
467 1184 661 1262 phreneticis,
687 1184 873 1262 lethargicis,
898 1193 998 1244 contra
1017 1185 1147 1246 tormina
1210 1194 1211 1199 ’

133 1278 162 1328 et
183 1269 282 1327 urinae
302 1267 505 1342 difficultates,
529 1269 663 1345 anginas,
686 1270 875 1344 vomitiones,
899 1268 1044 1329 drachmis
1062 1278 1146 1348 quat·

132 1360 198 1411 tuor
219 1350 311 1411 datur.
344 1369 382 1410 ex
399 1369 474 1429 aqua
495 1349 601 1411 bibitur
616 1352 652 1412 ad
671 1352 830 1413 iocinerum
851 1352 1036 1415 desiderium.
1058 1352 1147 1413 iolia

133 1433 228 1494 obolis
248 1441 383 1512 quattuor
398 1436 500 1495 dantur
517 1435 552 1494 ad
573 1435 679 1494 lienem
702 1455 740 1495 ex
757 1446 852 1501 aceto.
882 1436 918 1496 ad
937 1444 1076 1497 cruentas
1095 1454 1146 1496 ex·

133 1519 313 1578 screationes
329 1519 430 1578 teritur
445 1520 473 1578 in
489 1519 602 1599 cyathis
619 1518 732 1579 duobus
747 1522 823 1580 aceti
838 1528 867 1578 et
880 1519 985 1580 mellis.
1156 1542 1177 1584 u

89 1609 141 1664 247
217 1601 300 1678 (91.)
324 1602 513 1676 sisymbrium
531 1602 669 1663 silvestre
689 1603 857 1680 quibusdam
873 1602 1077 1678 thymbraeum
1096 1623 1147 1684 ap·

135 1684 289 1763 pellatum,
324 1685 421 1762 pedali
453 1704 510 1745 non
542 1686 664 1765 amplius
690 1686 849 1747 altitudine.
893 1686 970 1764 quod
994 1687 1024 1745 in
1049 1688 1149 1766 riguis

133 1769 259 1828 nascitur
274 1769 367 1829 simile
384 1773 524 1831 nasturtio
538 1779 600 1845 est,
628 1778 780 1847 utrumque
796 1769 901 1829 eilicax
916 1769 1059 1829 adversus
1078 1789 1148 1832 acu·

133 1851 210 1914 leata
225 1852 372 1928 animalia,
395 1863 426 1912 ut
440 1854 597 1914 crabrones
614 1861 643 1910 et
659 1852 777 1927 similia,
801 1851 878 1929 quod
896 1853 1016 1910 insieco
1034 1854 1148 1916 odora·
1210 1845 1211 1920 Ϊ

133 1945 191 1994 turn
214 1944 259 1993 est
279 1946 308 1995 et
323 1936 458 1994 inseritur
474 1935 608 2009 coronis,
635 1935 802 2010 angustiore
823 1934 905 1993 folio.
939 1932 1043 1992 sedant
1065 1947 1177 1999 utra-al

133 2035 190 2095 que
209 2019 311 2095 capitis
326 2019 474 2095 dolorem,
497 2021 564 2078 itern
580 2017 755 2095 epiphoras,
771 2025 802 2077 ut
817 2017 943 2076 Philinus
959 2016 1059 2077 tradit.
1101 2022 1151 2082 alii

89 2109 142 2162 248
154 2118 257 2177 panem
277 2101 399 2178 addunt,
425 2101 475 2161 alii
496 2118 604 2180 perse
620 2099 764 2160 decocunt
780 2101 809 2160 in
827 2101 904 2160 vino.
936 2109 1020 2160 sanat
1036 2111 1070 2162 et
1087 2106 1149 2184 epi-

132 2185 263 2258 nyctidas
279 2188 409 2262 cutisque
424 2185 494 2247 vitia
517 2188 547 2245 in
565 2184 642 2245 facie
657 2185 807 2245 mulierum
826 2185 900 2247 intra
914 2192 1046 2263 quartum
1067 2187 1149 2248 diem

132 2267 268 2327 noctibus
294 2270 452 2346 inpositurn
470 2270 632 2346 diebusque
655 2269 824 2329 detractum.
865 2269 1057 2345 vomitiones,
1090 2272 1149 2330 sin·

132 2350 247 2426 gultus,
280 2353 418 2426 tormina,
448 2352 587 2413 stomachi
615 2351 823 2411 dissolutiones
852 2352 988 2427 cohibet,
1022 2352 1090 2413 sive
1119 2356 1180 2414 ina

134 2434 200 2492 cibo
217 2443 359 2511 sumptum
376 2435 437 2494 sive
458 2453 529 2495 suco
549 2442 658 2513 potum.
693 2452 751 2494 non
770 2435 912 2495 edendnm
932 2435 1064 2513 gravidis
1091 2439 1149 2498 uisi

133 2525 246 2574 mortuo
265 2525 427 2594 conceptu,
455 2519 565 2598 quippe
583 2519 668 2578 etiam
686 2519 841 2597 inpositum
865 2520 940 2579 eicit.
971 2529 1072 2580 movet
1088 2523 1148 2581 uri·

133 2614 198 2655 nam
221 2616 284 2659 oum
303 2602 370 2661 vino
392 2610 506 2678 potum,
533 2603 670 2663 silvestre
693 2611 722 2662 et
744 2603 884 2663 calculos.
923 2619 996 2680 quos
1018 2604 1148 2680 vigilare

136 2696 209 2756 opus
226 2683 263 2739 sit
276 2684 383 2743 excitat
398 2684 522 2744 infusum
537 2687 624 2763 capiti
641 2703 705 2744 cum
720 2696 816 2746 aceto.

48 2822 51 2828 .
91 2772 143 2826 249
218 2763 300 2843 (92.)
323 2763 384 2824 Lini
406 2784 506 2827 semen
529 2785 593 2827 cum
614 2767 678 2826 aliis
699 2770 815 2846 quidem
830 2770 859 2828 in
879 2787 932 2828 usu
949 2777 1009 2844 est,
1037 2770 1180 2831 sedetet

134 2863 189 2924 per
202 2865 236 2905 se
250 2846 399 2908 mulierum
419 2851 491 2908 entis
506 2850 575 2909 vitia
589 2850 722 2910 emendat
737 2853 765 2910 in
782 2852 869 2928 facie,
883 2852 1034 2913 oculorum
1051 2855 1149 2915 aciem

135 2947 205 2988 suco
221 2931 346 2991 adiuvat.
377 2931 534 3009 epiphoras
549 2950 613 2992 cum
625 2941 689 2993 ture
705 2944 735 2994 et
751 2953 825 3014 aqua
841 2945 889 2997 aut
905 2955 969 2996 cum
989 2954 1090 2999 murra
1113 2957 1149 3000 ao

133 3014 200 3071 vino
222 3014 322 3089 sedat,
353 3015 502 3092 parotidas
524 3034 587 3076 cum
608 3017 696 3077 melle
720 3027 768 3078 aut
788 3020 875 3099 adipe
897 3028 946 3080 ant
967 3037 1054 3096 cera,
1085 3031 1148 3083 sto·

135 3095 229 3154 machi
248 3097 409 3157 solutiones
425 3099 588 3177 inspersum
604 3101 742 3180 polentae
759 3103 863 3180 modo,
887 3105 1005 3181 anginas
1021 3105 1051 3163 in
1068 3124 1149 3185 aqua

136 3187 165 3237 et
180 3179 248 3239 oleo
265 3181 418 3241 decoctum
438 3193 468 3242 et
487 3201 550 3242 oum
566 3203 656 3245 aneso
679 3186 797 3247 inlitum.
829 3196 974 3263 torretur,
997 3197 1028 3247 ut
1046 3188 1181 3249 alvomas

92 3273 146 3327 250
157 3263 248 3323 sistat.
280 3265 418 3327 coeliacis
437 3277 466 3327 et
481 3267 665 3343 dysintericis
679 3269 823 3347 inponitur
838 3289 876 3331 ex
890 3279 985 3331 aceto.
1017 3272 1055 3332 ad
1071 3274 1147 3336 ioci·

134 3348 213 3407 neris
233 3348 351 3409 dolores
367 3359 447 3410 estur
470 3370 533 3411 cum
549 3371 603 3412 uva
621 3371 726 3430 passa,
752 3354 788 3414 ad
805 3354 942 3432 phthisim
955 3354 1113 3418 utilissime
1131 3376 1148 3418 a

130 3432 245 3494 semine
260 3433 330 3495 liunt
344 3434 505 3513 ecligmate.
538 3437 746 3512 musculorum,
761 3454 935 3505 nervorum.
954 3439 1147 3504 articulorum
