2422 3840
186 179 226 240 76
536 190 675 238 717171
692 190 842 238 7771111111

144 353 196 409 172
208 344 359 404 Subtilitas
374 344 568 422 parsimoniae
584 343 746 422 conpendia
765 344 888 419 inuenit,
911 361 974 404 7117
989 344 1073 404 vinea
1095 345 1123 402 17
1139 361 1191 422 pa·

188 429 294 488 stinato
315 437 446 503 seratur,
466 427 561 487 obiter
578 429 759 488 seminarium
773 427 915 504 faciendi,
938 437 968 487 ut
989 437 1018 486 77
1038 427 1192 488 viveradix

187 513 256 572 loco
272 528 326 570 suo
348 520 377 570 et
398 511 551 572 malleolus
569 514 616 589 qui
633 511 822 572 transferatur
846 513 920 571 inter
941 511 1006 570 vitis
1024 511 1190 571 7771111777

187 604 313 670 7717771,
330 613 405 674 quae
422 597 495 656 ratio
510 597 539 654 17
554 596 656 672 iugero
673 596 789 655 circiter
804 595 932 656 sedecim
947 594 1024 654 71117
1045 594 1189 654 viveradi-

189 697 252 739 cum
268 679 365 740 donat.
395 681 517 740 interest
539 688 633 739 autem
655 678 799 739 biennium
819 679 945 753 fructus,
963 696 1020 756 quo
1037 679 1145 739 tardius
1160 679 1209 737 17

145 773 198 830 173
210 773 273 823 sato
293 765 429 841 provenit
448 780 532 842 quam
552 764 580 821 17
597 762 746 823 717771777.
778 762 936 822 viveradix
949 764 1044 840 posita
1056 764 1084 820 in
1102 762 1190 822 vinea

188 857 256 927 post
272 865 373 906 annum
389 856 541 907 resecatur
555 865 648 925 usque
665 847 701 907 711
716 856 839 922 771177,
858 855 888 905 77
909 865 980 904 7777
995 855 1101 906 tuntum
1119 847 1188 905 erni·

189 940 257 990 neat
272 931 390 1006 oculus,
413 929 585 991 adminiculo
607 931 686 990 iuxta
707 931 803 991 adlixo
826 939 855 989 77
879 930 945 989 limo
967 930 1073 990 addito.
1102 929 1188 988 simili

187 1015 273 1075 modo
291 1024 319 1073 et
336 1012 465 1073 secundo
481 1030 555 1073 anno
571 1014 709 1073 reciditur
722 1015 852 1092 virisque
868 1015 994 1092 concipit
1015 1023 1044 1073 et
1065 1014 1137 1073 intra
1154 1030 1188 1072 se

188 1099 282 1176 pascit
306 1097 479 1156 sullecturas
501 1098 599 1172 oneri,
623 1097 693 1157 alias
709 1097 895 1157 festinatione
916 1097 1049 1178 pariendi
1069 1096 1207 1174 gracilisr

188 1190 275 1258 atque
292 1180 436 1255 eiunclda,
452 1182 480 1239 71
497 1179 668 1240 cohibeatur
684 1181 874 1257 castigatione
888 1181 949 1257 tali,
963 1182 990 1240 17
1001 1181 1091 1240 17777
1102 1189 1188 1240 exeat

187 1273 257 1325 tota.
289 1263 358 1323 711111
376 1263 486 1324 avidius
501 1265 627 1324 77771771
648 1282 699 1340 77,
719 1265 773 1322 7171
793 1264 828 1324 ad
848 1265 1013 1343 pariendum
1032 1265 1110 1324 vires
1125 1282 1187 1323 ser·

145 1356 197 1411 171
208 1345 249 1432 ξξζ
259 1356 371 1421 177771,
387 1356 448 1407 7777
463 1348 494 1406 fit
508 1346 595 1406 letus.
630 1347 687 1426 [10]
710 1347 885 1408 Pedamenta
897 1357 1013 1426 optuma
1025 1366 1100 1426 quae
1116 1346 1187 1407 dixi·

187 1451 250 1491 mus
266 1440 314 1492 aut
328 1431 437 1491 ridicae
454 1430 592 1491 erobore
610 1430 734 1509 oleaque
750 1433 775 1490 71
790 1448 848 1491 777
863 1434 929 1508 7177,
945 1433 1004 1510 pali
1020 1450 1036 1491 e
1051 1432 1186 1508 iunipiro,

189 1533 341 1594 cupresso,
357 1515 490 1590 laburno,
503 1514 622 1575 sabuco,
647 1515 823 1595 reliquorum
837 1534 976 1593 generum
993 1516 1081 1576 sudes
1097 1516 1207 1573 omni-1

187 1598 241 1658 bus
262 1600 341 1658 77717
364 1600 539 1660 reciduntur.
576 1599 766 1660 saluberrima
790 1602 817 1659 in
838 1602 905 1676 iugo
922 1599 1050 1660 harundo
1074 1617 1187 1660 conexa

186 1682 335 1743 fasciculis
356 1683 439 1743 durat
466 1684 546 1744 77717
569 1684 671 1762 quinis.
702 1681 773 1742 Cum
794 1683 946 1743 breviores
969 1683 1102 1761 palmites
1124 1700 1185 1742 sar·

187 1775 283 1825 mento
300 1769 453 1842 iunguntur
468 1767 543 1825 inter
558 1784 591 1825 se
607 1766 715 1826 lunium
732 1766 835 1844 modo,
858 1786 894 1826 ex
917 1767 974 1827 hoc
989 1785 1073 1827 717117
1088 1766 1186 1826 177777

146 1857 196 1912 175
211 1850 351 1909 1117117771.
384 1850 440 1927 [11]
464 1849 579 1908 Tertius
599 1851 701 1910 vineae
723 1868 811 1909 annus
828 1851 974 1928 palmitem
988 1850 1123 1910 velocem
1138 1867 1185 1908 ro·

187 1932 359 2009 bustumque
378 1933 479 1991 emittit
502 1941 530 1992 et
552 1951 636 2010 quem
652 1933 740 1992 177177
755 1943 835 1992 aetas
851 1937 948 1995 vitem.
980 1934 1026 1994 1117
1046 1936 1075 1994 17
1090 1935 1209 2010 iuguma

187 2014 285 2074 insilit.
310 2015 398 2093 aliqui
414 2024 471 2074 tum
483 2026 641 2076 excaecant
656 2036 720 2076 eum
736 2019 836 2094 supina
848 2018 926 2077 17177
943 2018 1100 2078 auferendo
1117 2034 1185 2078 ocu·

187 2099 256 2173 los,¹
278 2108 308 2158 ut
333 2099 449 2175 longius
478 2109 618 2176 evocent,
649 2102 735 2161 noxia
756 2101 865 2161 iniuria.
903 2102 999 2161 utilior
1021 2103 1096 2161 enim
1117 2118 1185 2160 con·

188 2182 311 2242 suetudo
338 2182 469 2260 pariendi
497 2185 644 2262 satiusque
669 2185 820 2263 pampinos
847 2185 999 2262 adiugatae
1027 2185 1186 2261 detergere

147 2273 196 2329 176
208 2284 300 2344 usque
316 2284 374 2345 quo
390 2267 507 2344 placeat
517 2268 650 2328 roborari
665 2286 737 2328 777.
767 2270 837 2329 Sunt
853 2271 900 2348 qui
915 2278 1012 2328 vetant
1027 2271 1105 2345 tangi
1117 2285 1184 2346 pro-

187 2367 273 2409 xumo
292 2367 365 2410 anno
383 2368 466 2428 quam
485 2352 622 2412 translata
636 2355 683 2428 sit,
699 2369 794 2429 neque
809 2362 875 2411 7777
890 2367 946 2411 Lx.
964 2370 1091 2411 mensem
1106 2351 1208 2412 171777

188 2435 299 2510 771711,
322 2443 390 2494 7777
405 2444 501 2494 77177
518 2436 554 2495 ad
569 2437 620 2495 7117
641 2453 770 2511 gemmas
792 2435 894 2495 recidi.
926 2435 1020 2495 711177
1042 2452 1185 2514 proxumo

188 2516 302 2594 quidem
328 2535 402 2578 anno
424 2519 572 2595 recidunt,
601 2519 654 2578 sed
673 2529 703 2578 ut
725 2528 825 2578 ternos
847 2527 1041 2596 quaternosve
1062 2519 1184 2595 singulis

187 2601 267 2658 annis
281 2599 403 2661 7111717117
418 2602 573 2677 articulos,
596 2611 697 2680 quarto
716 2600 833 2662 demum
847 2604 1007 2680 perducant
1026 2603 1062 2663 ad
1077 2604 1183 2679 iugum.

187 2683 215 2742 id
231 2691 381 2759 utrumque
396 2684 519 2745 fructum
535 2685 660 2760 tardum,
684 2695 840 2763 praeterea
860 2687 1034 2746 retorridum
1050 2696 1079 2746 et
1093 2685 1184 2746 nodo·

187 2784 248 2826 sum
263 2765 357 2824 reddit
374 2767 560 2844 pumilionum
575 2770 762 2828 incremento.
795 2779 940 2847 optumum
955 2779 1050 2830 autem
1064 2779 1207 2829 7771777

188 2867 255 2909 7777
271 2850 390 2925 firmam,
407 2859 510 2927 postea
524 2852 614 2910 letum
629 2851 776 2912 audacem.
813 2872 868 2913 1177
885 2862 974 2913 7771117
992 2854 1128 2932 estquod
1146 2855 1185 2912 ci·

146 2940 195 2995 177
206 2935 388 3009 7771177777,
404 2951 509 3009 magno
523 2934 675 3012 inperitiae
691 2954 801 2996 errore.
830 2936 974 3016 Quidquid
990 2937 1108 2997 7777717
1123 2937 1185 3015 pla-

186 3017 231 3092 gis
250 3017 388 3092 nascitur,
404 3034 461 3076 non
479 3037 495 3077 7
512 3028 612 3078 77717.
647 3027 722 3078 77777
743 3019 848 3081 habeat
871 3021 922 3082 1117
942 3022 1028 3095 viris,
1051 3021 1116 3081 dum
1136 3038 1185 3080 ro·

187 3099 320 3175 boratur,
342 3109 371 3159 et
392 3119 501 3162 annuos
523 3102 629 3180 accipit
645 3112 706 3163 7777
717 3103 810 3179 letus,
828 3122 891 3164 cum
907 3107 1079 3183 permissum
1095 3104 1185 3164 fuerit

186 3184 276 3242 77771.
308 3182 378 3242 nihil
393 3193 494 3244 777717
510 3186 692 3264 portionibus
708 3189 790 3265 parit.
823 3187 905 3261 Quae
926 3190 1092 3248 excreverit
1113 3189 1206 3247 satisa

186 3267 265 3326 firma
282 3267 411 3344 protinus
433 3269 461 3326 17
483 3270 551 3346 iugo
567 3271 715 3331 conlocari
730 3270 864 3348 debebit,
886 3274 911 3331 71
935 3273 1085 3332 etiamnum
1106 3271 1184 3330 17111-

186 3352 259 3410 mior
274 3352 338 3427 7117,
356 3351 408 3411 sub
427 3353 492 3429 ipso
507 3355 576 3430 iugo
590 3354 731 3433 hospitari
745 3356 850 3415 recisa.
880 3354 999 3431 viribus,
1014 3373 1072 3421 non
1086 3364 1184 3415 aetate

142 3443 195 3498 178
207 3435 381 3496 decernitur.
415 3439 598 3497 temerarium
620 3448 750 3498 estante
774 3438 991 3498 crassitudinem
1012 3438 1184 3516 pollicarem
