2422 3840
113 181 172 244 162
374 199 377 203 ·
452 192 482 242 c.
505 194 602 241 roim
624 191 775 241 suenum

111 350 214 409 tisiam
229 349 310 409 annis
325 348 354 406 in
371 365 406 408 ea
423 358 501 408 tarra
516 366 573 408 non
589 349 741 424 invenitur,
759 349 892 427 quoniam
911 346 1058 427 publicani
1071 347 1122 424 qui

110 450 217 512 pascua
240 430 402 492 conducunt
422 433 511 492 maius
531 433 570 491 ita
592 432 702 492 lucrum
726 432 885 491 sentientes¹
905 428 1124 509 depopulantur

111 533 249 596 pecorum
265 515 383 593 pabulo.
413 534 485 576 unus
501 517 615 576 omnino
633 516 722 575 caulis
742 524 843 575 nostra
858 517 997 575 memoria
1016 531 1121 592 reper-

109 611 154 661 tus
176 598 286 659 Neroni
307 601 431 679 principi
451 601 555 660 missus
575 609 629 660 est.
673 601 698 658 si
719 599 833 677 quando
856 598 955 658 incidit
974 615 1070 678 pecus
1092 599 1122 657 in

110 700 192 764 spem
208 684 370 760 nascentis,
392 683 449 744 boc
462 683 687 763 deprehenditur
706 684 809 759 signo,
832 700 889 742 ove
904 700 968 742 cum
983 681 1147 746 comede-⁵

66 771 146 831 40rit
164 767 323 828 dormiente
350 769 497 847 protinus,
519 785 607 846 capra
631 776 816 827 sternutante.
854 767 959 843 diuque
980 767 1036 825 iam
1061 783 1122 825 non

109 851 184 913 aliud
200 852 236 912 ad
250 869 304 911 nos
320 852 464 912 invehitur
478 852 556 912 laser
576 870 660 930 quam
679 849 756 929 quod
775 853 804 909 in
820 850 940 910 Perside
961 858 1009 909 aut
1021 848 1122 910 bledla

110 945 140 996 et
153 936 290 996 Armenia
306 937 448 1012 nascitur,
471 935 554 1010 large
578 935 631 994 sed
654 935 742 993 multo
762 935 834 993 infra
860 933 1068 1009 Cyrenaicum,
1091 933 1122 992 id

110 1038 225 1098 quoqne
243 1019 430 1079 adulteratum
446 1021 547 1078 cummi
561 1028 609 1078 aut
625 1020 783 1096 sacopenio
800 1026 847 1078 aut
859 1017 925 1077 laba
939 1017 1040 1094 fracta,
1060 1034 1124 1095 quo

109 1104 201 1163 minus
218 1103 400 1162 omittendum
416 1102 527 1161 videtur
543 1099 576 1161 C.
592 1101 712 1162 Valerio
727 1102 765 1162 bl.
782 1101 928 1161 Herennio
952 1118 1030 1161 coss.
1062 1099 1120 1176 Cy·
1135 1125 1158 1166 m

110 1190 189 1248 renis
205 1187 326 1247 advecta
346 1187 467 1246 Romam
486 1185 602 1264 publice
623 1186 759 1265 laserpici
781 1185 880 1264 pondo
894 1197 986 1261 xxx,
1010 1183 1121 1245 (laesa-

110 1289 171 1331 rem
187 1287 257 1330 vero
273 1268 443 1329 dictatorem
461 1271 541 1329 initio
556 1270 625 1330 belli
642 1270 735 1329 civilis
747 1271 821 1327 inter
838 1286 936 1329 aurum
953 1277 1121 1344 argeutum·

67 1365 100 1418 41
112 1372 167 1434 que
184 1353 339 1433 protulisse
356 1372 394 1413 cx
413 1354 527 1414 aerario
546 1354 684 1432 laserpici
707 1351 803 1433 pondo
825 1366 888 1412 mn.
919 1351 952 1411 ld
972 1351 1048 1430 apud
1071 1370 1121 1412 au·

112 1447 209 1498 ctores
225 1437 366 1498 Graeciae
380 1438 612 1499 evidentissimos
628 1440 786 1498 invenimus
802 1446 899 1496 natum
922 1434 1014 1495 imbrc
1030 1436 1121 1514 piceo

109 1531 232 1600 repente
248 1522 408 1584 madefacta
423 1523 527 1584 tellure
544 1541 615 1599 erga
630 1519 822 1600 Hesperidum
837 1521 939 1581 hortos
952 1520 1121 1598 Syrtimque
1132 1543 1157 1584 ru

110 1609 247 1665 maiorem
262 1615 374 1685 septem
398 1609 478 1668 annis
504 1617 570 1667 antc
585 1606 722 1687 oppidum
738 1603 930 1679 Cyrenarum,
954 1603 1033 1682 quod
1049 1622 1120 1664 con·

111 1690 198 1749 ditum
214 1698 258 1748 est
275 1689 353 1749 urbis
374 1700 492 1750 nostrae
514 1708 588 1751 anno
611 1705 748 1767 canna,
770 1690 827 1748 vim
847 1697 941 1748 autem
961 1687 1040 1748 illam
1065 1701 1123 1766 per

69 1781 246 1852 etquattuor
269 1773 345 1832 milia
367 1773 486 1832 stadium
507 1772 627 1833 Africae
649 1776 785 1835 valuisse.
823 1774 851 1831 in
875 1791 909 1833 ea
931 1772 1122 1850 laserpicium

110 1858 190 1933 gigni
206 1857 329 1932 solitum,
344 1874 406 1915 rem
426 1857 517 1916 leram
533 1875 568 1917 ac
583 1866 780 1917 contumacem
802 1866 847 1932 et,
869 1858 893 1917 si
910 1855 1075 1933 coleretur,
1091 1857 1122 1914 in

111 1940 224 1999 deserta
242 1940 417 2015 fugientem,
439 1940 537 2000 radice
557 1940 644 2001 multa
666 1959 838 2019 crassaque,
861 1940 943 2000 caule
964 1939 1158 2000 ferulaceam

111 2041 146 2082 ac
167 2023 249 2081 simili
274 2022 473 2082 crassitudine.
501 2025 583 2103 buius
598 2024 667 2084 lolia
689 2034 847 2103 maspetum
867 2023 1028 2101 vocabant,
1049 2025 1121 2102 apio

111 2123 242 2165 maxume
261 2106 372 2166 similia.
402 2126 501 2167 semen
520 2117 581 2168 erat
597 2108 765 2184 ioliaceum,
787 2108 885 2167 lolium
911 2102 1005 2184 ipsum
1024 2125 1121 2166 verno

68 2189 270 2252 dodeciduum.
302 2192 383 2250 vesci
398 2209 508 2270 pecora
524 2192 620 2268 solita,
635 2193 785 2270 primoque
807 2192 941 2268 purgari,
964 2207 1033 2249 mox
1054 2190 1121 2268 pin-

110 2292 254 2352 guescere
270 2293 357 2336 carne
372 2275 532 2336 mirabilem
548 2276 577 2334 in
591 2276 705 2335 modum
723 2273 853 2334 iucunda.
870 2282 938 2352 post
949 2273 1020 2334 lolia
1033 2276 1121 2334 amis·

111 2377 143 2420 sa
159 2359 241 2419 caule
256 2361 322 2439 ipso
340 2369 369 2420 et
383 2361 515 2420 homines
531 2362 725 2420 vescebantur
743 2356 866 2417 decocto
881 2374 1024 2436 assoque,
1037 2359 1120 2418 elixo
1131 2385 1156 2425 π

110 2461 342 2522 eorumquoque
365 2460 491 2523 corpora
506 2456 552 2502 xl.
573 2445 672 2523 primis
692 2440 794 2501 diebus
811 2443 971 2519 purgante,
994 2442 1056 2502 utili
1072 2442 1122 2502 his

111 2526 251 2587 omnibus.
268 2545 354 2586 sucus
369 2528 480 2587 duobus
491 2526 583 2587 modis
596 2526 773 2605 capiebatur,
786 2544 803 2585 e
815 2524 913 2586 radice
925 2534 1011 2604 atque
1022 2527 1120 2586 caule.

112 2610 227 2668 ethaeo
244 2609 300 2670 duo
316 2620 398 2671 erant
414 2613 539 2688 nomina,
555 2611 660 2670 rhizias
675 2620 760 2688 atque
779 2610 887 2670 caulias
902 2609 988 2668 vllior
1010 2610 1062 2669 illo
1084 2629 1122 2670 ac

67 2700 292 2772 deputrescens.
328 2695 418 2755 radici
442 2705 543 2755 cortex
570 2696 663 2771 niger.
705 2694 741 2754 ad
766 2695 872 2754 mercis
899 2691 1040 2754 adulteria
1070 2712 1120 2753 su·

112 2795 175 2836 cum
191 2778 284 2854 ipsum
299 2777 411 2838 invasa
428 2782 569 2838 coiectum
588 2777 713 2838 admixto
735 2777 845 2837 furfure
865 2775 985 2836 subinde
1009 2793 1119 2837 concu·
1131 2805 1157 2846 aa

111 2860 208 2922 tiendo
226 2862 261 2921 ad
279 2863 468 2921 maturitatem
485 2861 698 2939 perducebant,
721 2864 748 2919 ni
774 2864 813 2920 ita
840 2861 996 2938 fecissent,
1018 2869 1119 2938 putre·

111 2954 249 3004 scentem.
285 2954 481 3021 argumentum
499 2953 560 3005 erat
580 2945 748 3005 maturitatis
770 2945 853 3005 colos
876 2945 1052 3024 siccitasque
1072 2963 1121 3005 su·

65 3035 102 3090 45
111 3028 181 3087 dore
191 3030 288 3087 linito.
318 3028 376 3087 Alii
390 3027 504 3088 tradunt
519 3028 656 3107 laserpici
671 3029 796 3089 radicem
811 3029 901 3088 luisse
915 3029 1053 3088 maiorem
1070 3047 1120 3088 cu*

110 3111 200 3186 bitali,
216 3111 358 3189 tuberque
375 3113 403 3171 iu
420 3131 454 3172 ea
472 3131 559 3191 supra
574 3120 688 3173 terram.
717 3113 774 3174 hoc
790 3114 883 3173 inciso
900 3112 1049 3190 profluere
1071 3130 1121 3172 so·

111 3195 189 3254 litum
204 3213 303 3254 sucum
319 3215 373 3256 ceu
390 3196 483 3272 lactis,
498 3205 654 3276 supernato
670 3197 752 3257 caule
769 3215 854 3276 quem
873 3195 1050 3272 magydarim
1065 3214 1119 3256 vo·
1130 3221 1158 3263 so

112 3287 221 3339 canunt.
250 3279 321 3340 iolla
335 3281 416 3340 aurei
432 3281 539 3341 coloris
555 3298 609 3359 pro
626 3283 734 3341 semine
749 3282 855 3356 fuisse,
877 3278 1008 3340 cadentia
1030 3298 1047 3339 a
1070 3299 1120 3341 ca·

110 3364 154 3426 nis
172 3372 235 3424 ortu
253 3373 349 3425 austro
371 3365 468 3426 llante.
500 3383 537 3424 ex
558 3364 602 3426 bis
623 3364 807 3445 laserpicium
827 3364 907 3424 nasci
930 3364 1045 3424 solitum
1068 3382 1120 3424 an·

111 3465 167 3508 nuo
180 3450 274 3527 spatio
290 3458 319 3509 et
335 3448 433 3510 radice
448 3458 478 3510 et
493 3448 575 3510 caule
592 3448 852 3510 consummantibus
869 3465 945 3507 sese.
976 3447 1004 3507 bi
1020 3456 1050 3507 ct
1062 3450 1120 3508 cir-
