2422 3840
123 161 183 224 152
452 169 483 218 c.
501 170 597 218 sunus
613 169 764 219 sueonos

120 325 298 405 portendere
315 324 451 385 ereditur.
480 325 509 385 in
526 325 622 406 quinta
636 336 744 384 cornua
760 325 822 384 eius
840 333 964 403 optunsa
987 325 1131 404 pluviam,

122 418 222 471 erecta
244 418 274 469 et
292 408 396 469 infesta
426 417 529 470 ventos
554 427 670 489 semper
696 408 874 485 significant,
903 417 1004 488 quarta
1029 416 1129 469 tamen

119 511 262 555 maxume.
294 510 383 553 cornu
403 494 464 553 eius
485 491 716 572 septentrionale
736 492 924 552 acuminatum
945 501 1033 570 atque
1050 494 1128 571 rigi·

120 577 186 638 dum
200 577 280 637 illum
296 577 445 655 praesagit
459 585 591 653 uentum,
606 576 725 636 iuferius
742 585 883 652 austrum,
904 585 1026 654 utraque
1042 586 1129 637 recta

119 670 236 721 noctem
257 669 418 721 ventosam.
450 662 475 720 si
494 669 625 740 quartam
642 658 721 719 orbis
744 660 845 720 rutilus
870 661 982 737 cinget,
1005 669 1035 720 et
1055 678 1154 720 ven-s

76 753 222 810 348toset
234 744 333 804 imbris
346 745 556 823 praemonebit.
574 743 660 821 Apud
671 743 833 805 Varronem
843 744 882 804 ita
895 753 955 804 est:
971 743 1008 804 st
1020 761 1128 821 quar·

119 839 157 890 to
175 828 235 889 die
252 827 334 889 luna
350 831 422 889 erit
437 828 601 902 directa,
623 845 787 904 magnam
807 836 1066 906 tempestatem
1091 828 1130 887 in

118 912 462 990 maripraesagiet,
485 912 610 971 nisisi
633 928 806 971 coronam
829 910 1128 972 circasehabe·

119 997 171 1056 bit
189 1005 225 1055 et
241 1013 315 1055 eam
335 996 545 1069 sinceram,
563 994 818 1073 quoniamillc
835 994 938 1055 modo
954 1011 1023 1055 non
1038 1002 1129 1055 ante

118 1080 265 1158 plenam
285 1078 404 1137 lunam
423 1077 662 1137 hiematurum
690 1077 867 1138 ostendit.
902 1079 932 1137 si
954 1077 1164 1156 plenilu·1c

118 1163 177 1222 nio
205 1179 272 1240 per
295 1160 479 1221 dimidium
496 1178 587 1240 pura
606 1161 694 1237 erit,
722 1160 801 1220 dies
822 1177 981 1220 serenos
1005 1161 1128 1238 signi·

119 1243 272 1319 finatis,
314 1246 344 1303 si
372 1245 501 1322 rutila,
526 1252 680 1318 ventos,
717 1245 945 1321 nigrescens
983 1244 1128 1306 imbris.

75 1330 170 1396 otest
189 1328 313 1404 caligo
331 1327 432 1387 orbis
449 1328 584 1389 nubem
601 1328 817 1405 incluserit,
839 1338 973 1389 ventos
996 1346 1064 1406 qua
1083 1347 1128 1388 se

117 1414 280 1492 ruperit,
299 1412 329 1470 si
344 1412 480 1489 gemini
496 1410 607 1472 orbes
624 1413 830 1489 cinxerint,
849 1412 1023 1472 maiorem
1041 1421 1127 1472 tem·

118 1504 320 1576 pertatem,
337 1504 373 1557 et
387 1499 519 1574 magis,
539 1497 569 1556 si
583 1505 664 1556 tres
682 1503 791 1556 erunt
805 1497 992 1572 autnigri,
1009 1496 1125 1555 inter·
1139 1507 1167 1548 1⁵

117 1580 543 1658 ruptiatquedistracti.
569 1580 1126 1658 nasceuslunasicornusupe-

117 1665 221 1724 riore
237 1663 411 1724 obatrato
434 1672 580 1741 surget,
596 1664 745 1741 pluuias
761 1661 1126 1739 decresceusdabit,

117 1749 148 1808 si
164 1747 369 1824 inferiore,
390 1748 755 1826 anteplenilunium,
774 1749 804 1806 si
827 1748 861 1807 in
876 1746 1126 1823 medianigri·

117 1833 168 1892 tia
197 1831 263 1891 illa
287 1829 422 1906 luerit,
449 1831 599 1891 imbrem
622 1831 656 1888 iu
679 1830 902 1908 plenilunio.
945 1830 979 1888 si
1009 1829 1126 1907 plena

117 1916 218 1991 cirea
235 1932 273 1974 se
289 1913 442 1973 babebit
460 1913 604 1988 orbem,
627 1931 671 1972 ex
693 1931 761 1991 qua
783 1924 890 1992 parte
910 1915 940 1972 is
962 1931 1166 1973 maxumeao

117 1995 819 2077 splendebitexcaventumostendet.
849 1999 1126 2058 siinortucor·

116 2098 183 2140 nna
200 2080 562 2157 crassioraiuerint,
580 2080 772 2140 horridam
787 2089 1064 2159 tempestatem.
1088 2082 1127 2140 -si

116 2163 1124 2243 antequartamnouadparueritventoiauoniollante,

116 2246 290 2308 hiemalis
315 2255 396 2307 toto
423 2266 548 2308 mense
575 2249 656 2308 erit.
701 2249 732 2308 si
757 2262 830 2310 xvt.
864 2248 1125 2308 vehementius

116 2331 287 2392 flammea
308 2331 545 2410 adparuerit‚
563 2348 721 2409 asperas
744 2341 995 2409 tempestates
1014 2347 1165 2409 prae-es

73 2417 271 2493 350sagiet.
302 2414 373 2474 Sunt
391 2423 420 2475 et
433 2416 525 2494 ipsius
541 2415 626 2475 lunae
641 2427 706 2474 vnt
722 2414 853 2489 articuli,
878 2417 1012 2492 quotiens
1028 2416 1056 2472 in
1073 2432 1124 2474 au-

115 2499 202 2576 gulos
219 2497 291 2558 solis
305 2498 423 2576 incidat,
440 2499 590 2577 plerisque
606 2499 681 2557 iuter
697 2513 750 2558 eos
768 2506 874 2557 tanturn
899 2497 1124 2559 observantibus

116 2582 271 2660 praesagia
287 2581 360 2656 etus,
377 2582 435 2642 hoe
452 2591 497 2642 est
511 2595 580 2659 111.,
597 2592 674 2656 um,
690 2595 755 2660 sn,
771 2594 991 2661 usu.‚xvu11.,
1008 2594 1123 2661 xxm,

115 2677 226 2724 xxvtt.
244 2671 275 2722 et
289 2664 481 2725 interlunium.

70 2744 123 2812 351
195 2744 280 2824 (80.)
303 2745 401 2808 Tertio
425 2748 493 2808 loco
516 2747 666 2808 stellarum
684 2747 919 2808 observationem
941 2767 1009 2810 esse
1033 2761 1162 2827 opor-3⁰

114 2839 166 2890 tet.
194 2829 368 2889 Discurrere
385 2848 439 2890 eae
456 2831 589 2891 ridentur
609 2830 768 2907 interdum,
783 2833 919 2910 ventique
932 2833 1064 2910 protinus
1076 2853 1124 2893 se-

116 2922 228 2989 cuntur,
243 2913 271 2971 in
289 2928 410 2989 quorum
426 2923 508 2991 parte
525 2914 564 2974 ita
578 2914 778 2991 praesagiere.
810 2916 921 2976 caelum
933 2933 996 2975 cum
1015 2933 1122 2993 aequa·

113 2997 182 3057 liter
198 3004 289 3056 totum
305 2997 359 3055 erit
377 2996 575 3075 splendidum,
598 2997 726 3058 articulis
746 3006 907 3077 temporum
922 3017 997 3078 quos
1013 3016 1123 3078 propo-

114 3080 238 3154 suimus,
255 3086 416 3139 autumnum
432 3098 566 3140 serenum
584 3081 744 3160 praestabit
765 3099 800 3142 ac
814 3083 960 3160 frigidum.
984 3084 1122 3143 sineret

114 3170 210 3222 aestas
228 3179 286 3221 non
306 3163 368 3223 sine
386 3164 486 3241 rigore
503 3164 599 3243 aliquo
615 3166 791 3242 transierint,
809 3176 970 3227 autumnum
984 3184 1121 3226 serenum
1131 3176 1159 3218 3⁵

70 3255 160 3310 dotet
174 3254 282 3305 tersum
293 3248 442 3327 minusque
455 3258 608 3309 ventosum
619 3249 737 3310 facient.
762 3252 886 3310 autumni
897 3251 1040 3311 serenitas
1051 3268 1121 3309 ven-

111 3340 204 3392 tosam
217 3330 340 3391 hiemem
361 3333 440 3392 facit.
468 3350 531 3392 cum
552 3341 675 3411 repente
695 3331 843 3392 stellarum
862 3331 960 3410 fulgor
981 3333 1121 3394 obscura·

112 3426 174 3493 tur,
196 3422 227 3474 ut
242 3413 271 3474 id
286 3433 382 3495 neque
399 3415 498 3478 nubilo
518 3434 575 3476 nec
596 3416 721 3492 caligine
740 3414 804 3491 liat,
815 3497 816 3500 Ἴ
828 3415 925 3492 pluuia
948 3427 995 3476 aut
1013 3435 1121 3494 graves
