2422 3840
367 202 447 248 nnn.
465 202 558 250 mur.
573 203 645 250 xxs.
662 202 747 255 3—4.
765 193 903 271 (8-10.)
1075 191 1136 252 235

132 367 230 419 teste·
251 364 407 436 praeterea
428 355 455 412 in
476 364 621 431 unguenta
644 358 760 432 transit,
783 367 814 416 ut
830 358 961 418 diximus.
987 358 1114 418 medicas
1127 378 1177 418 rau

134 458 188 520 per
214 458 247 499 se
273 441 342 500 artis
367 437 499 516 praebet.
544 439 706 515 emplastris
731 449 818 519 atque
844 442 975 517 collyriis
1001 443 1137 501 inseritur

132 523 261 584 murdaci
283 521 459 596 subtilitate,
484 539 646 581 mensamm
671 525 756 583 etiam
780 523 894 583 deliciis
922 525 1137 601 perunguendis

132 610 254 667 minume
269 608 365 666 nuxia.
398 603 511 665 Genera
528 606 589 663 eius
605 607 695 664 nostri
717 606 818 665 iecere
840 606 1031 667 celeberrima
1049 613 1133 668 Prae·
1146 616 1178 670 16

104 692 271 752 suestinam
285 699 315 750 et
330 687 512 766 Campanam.
544 687 681 748 addidere
698 689 746 748 alii
761 687 919 765 Milesiam,
941 692 1022 750 cuius
1040 693 1076 750 sit
1093 709 1136 751 ar·

132 774 316 834 dentissimus
329 772 412 833 color
423 789 480 831 nou
492 771 664 832 excedentis
676 773 808 832 duodena
824 771 911 847 lolia,
930 783 1097 850 proxumam
1110 776 1136 833 ei

131 856 312 917 Trachiniam
338 857 429 914 minus
460 856 627 931 rubentem,
659 873 727 915 mox
753 855 962 916 Alabandicam
992 856 1134 931 viliorem,

132 940 323 1001 albicantibus
346 938 440 1012 loliis,
462 939 628 999 vilissimam
647 956 718 998 vero
736 938 893 1017 plurumis,
917 938 969 999 sed
984 940 1136 1000 minutissi-

131 1025 201 1098 mis,
225 1023 387 1101 spiniolam.
417 1022 551 1082 differunt
567 1023 641 1081 euim
655 1023 833 1083 multitudine
849 1023 1002 1100 loliorum,
1026 1025 1136 1101 asperi-

97 1116 207 1182 mtate,
234 1107 352 1182 levore,
379 1105 496 1182 colore,
521 1106 624 1166 odore.
670 1108 843 1184 paucissima
871 1109 957 1186 quina
981 1107 1067 1181 iolla,
1100 1126 1134 1166 ac
1147 1117 1177 1170 17

132 1190 236 1251 deinde
261 1190 479 1266 numerosiora,
504 1208 567 1249 eum
595 1190 633 1249 sit
654 1208 747 1266 geuus
770 1192 832 1250 eius
853 1208 937 1269 quam
960 1191 1136 1250 centifoliam

130 1283 255 1349 vocant,
277 1292 353 1354 quae
375 1282 421 1332 est
445 1274 474 1331 iu
489 1270 643 1350 Campania
664 1273 782 1348 ltaliae,
801 1273 943 1333 Graeciae
964 1291 1037 1334 vero
1058 1276 1135 1334 circa

131 1357 299 1435 Philippos,
332 1355 385 1415 sed
413 1354 452 1414 ibi
484 1372 541 1414 non
566 1374 637 1417 suae
665 1364 762 1416 terrae
789 1365 942 1435 proventu.
985 1357 1137 1435 Pangaeus

131 1457 214 1499 mous
229 1441 258 1498 in
273 1436 369 1498 vicino
384 1437 441 1498 lert
458 1441 618 1498 numerosis
634 1436 712 1499 loliis
726 1457 762 1499 ac
776 1441 890 1518 parvis,
906 1440 1028 1500 adcolae
1044 1451 1136 1500 trans-

97 1524 263 1582 uiereutes
278 1530 445 1599 conserunt,
461 1523 582 1599 ipsaque
597 1522 774 1600 plantatione
789 1523 950 1600 proliciunt.
973 1533 1137 1582 nouantem

132 1605 198 1666 talis
222 1605 424 1665 odoratissima
445 1614 507 1679 est,
539 1622 595 1665 nec
617 1607 662 1665 cui
684 1606 851 1666 latissimum
872 1622 1070 1666 maxumumve
1092 1606 1136 1666 io·

132 1691 217 1763 lium,
233 1689 420 1766 breviterque
435 1688 570 1749 indicium
586 1697 631 1748 est
646 1689 745 1749 odoris
761 1688 895 1749 scabritia
913 1691 1040 1750 corticis.
1064 1688 1137 1749 (iae-
1145 1700 1179 1753 18

132 1775 182 1852 pio
198 1771 297 1832 Tiberi
313 1769 448 1832 Caesaris
465 1772 627 1852 principatu
642 1775 761 1849 negavit
776 1773 954 1833 centifoliam
971 1773 999 1832 in
1013 1791 1137 1832 coronas

132 1856 214 1932 addi,
238 1865 441 1935 praeterquam
465 1865 614 1915 extremus
634 1856 715 1916 velut
739 1857 775 1916 ad
797 1856 948 1931 cardines,
972 1874 1027 1915 uec
1045 1857 1135 1916 odore

95 1959 188 2005 conec
208 1941 310 2018 specie
331 1939 523 2018 probabilem.
546 1948 591 1999 est
608 1947 637 1999 ct
654 1957 728 2017 quae
744 1940 857 2000 Graeca
875 1939 1040 2018 appellatur
1055 1959 1071 1999 a
1085 1957 1136 1998 uo-

133 2027 216 2100 stris,
238 2042 255 2083 a
270 2023 392 2084 Graecis
408 2024 536 2099 lychnis,
559 2025 683 2082 nonnisi
697 2025 726 2082 in
741 2023 930 2085 umidisloois
947 2026 1134 2102 proveniens,

132 2125 188 2166 nec
206 2124 338 2184 umquam
354 2107 500 2165 excedens
517 2107 644 2182 quinque
660 2106 746 2181 iolla,
762 2108 917 2184 violaeque
932 2109 1136 2185 magnitudine,

134 2190 226 2248 odore
241 2188 331 2248 nullo.
366 2197 412 2247 est
425 2198 454 2247 et
467 2189 524 2248 alia
538 2187 681 2248 Graecula
696 2189 859 2266 appellata,
875 2190 1038 2249 convolutis
1050 2191 1134 2251 lolio·

133 2290 195 2331 rum
216 2270 375 2349 paniculis,
398 2289 454 2330 nee
475 2271 630 2331 dehiscens
652 2271 707 2330 nisi
727 2289 811 2331 mauu
833 2279 936 2331 coacta
961 2289 1136 2350 semperque

98 2357 263 2418 renascenti
286 2355 402 2430 similis,
426 2355 571 2414 latissimis
593 2353 682 2413 loliis.
711 2355 767 2415 alia
791 2354 917 2414 iunditur
935 2372 951 2413 e
967 2354 1050 2418 caule
1067 2355 1136 2414 mal·
1146 2366 1178 2418 19

134 2455 226 2499 vaceo
242 2438 313 2498 lolia
328 2438 414 2498 oleae
429 2436 554 2499 habente
566 2470 609 2482 ·-
619 2445 762 2498 macetum
775 2447 882 2497 vocant
896 2472 948 2513 -,
965 2446 1050 2513 atque
1063 2438 1137 2496 iuter

132 2523 184 2583 has
196 2523 289 2582 media
300 2522 494 2599 magnitudine
507 2521 677 2582 autumnalis
690 2538 773 2597 quam
786 2521 964 2582 coroniolam
977 2520 1135 2599 appellant,

134 2622 234 2663 omnes
256 2607 317 2664 sine
340 2605 431 2664 odore
450 2612 567 2681 praeter
590 2603 768 2663 coroniolam
784 2613 813 2664 et
831 2605 947 2664 inruho
963 2613 1066 2664 natam.
1094 2613 1137 2664 tot

133 2686 226 2746 modis
241 2687 426 2747 adulteratur.
454 2696 484 2746 et
499 2687 570 2747 alias
585 2705 654 2748 vera
665 2703 782 2766 quoque
797 2687 957 2766 plurumum
972 2689 1037 2747 solo
1052 2705 1134 2766 prae·

97 2795 124 2836 ao
134 2771 224 2831 valet.
239 2768 375 2847 Uyrenis
393 2770 594 2831 odoratissima
608 2780 669 2847 est,
685 2770 812 2849 ideoque
825 2771 867 2832 ibi
884 2781 1059 2849 unguentum
1074 2771 1136 2847 pul·

134 2853 327 2928 cherrimum,
337 2852 511 2932 Cartbagine
526 2855 682 2934 Hispaniae
697 2855 792 2915 bieme
808 2864 869 2916 tota
883 2871 1023 2934 praecox.
1045 2853 1138 2913 refert

134 2947 164 2998 et
191 2937 265 2997 caeli
287 2939 459 3015 temperies,
494 2937 664 3015 quibusdam
689 2940 763 2998 enim
789 2940 870 2998 anuis
899 2939 990 2996 miuus
1017 2935 1137 2996 odorata

133 3021 283 3100 provenit,
312 3029 466 3100 praeterea
498 3023 590 3081 omnis
615 3024 701 3082 siccis
729 3040 814 3100 quarn
844 3021 946 3082 umidis
977 3021 1135 3080 odoratior.

134 3106 194 3166 seri
217 3121 313 3182 neque
336 3103 490 3182 pinguibus
514 3104 577 3164 volt
591 3123 686 3184 neque
701 3105 849 3182 argillosis
871 3107 944 3165 locis
962 3122 1017 3163 nec
1032 3104 1134 3181 riguis,
1146 3112 1180 3164 20

99 3196 269 3256 manutenta
289 3187 420 3262 ruribus,
441 3190 620 3268 proprieque
639 3190 805 3250 ruderatum
821 3207 920 3268 agrum
940 3197 1023 3249 amat.
1054 3206 1137 3265 prae-

135 3289 192 3332 cox
215 3269 361 3351 Campona
389 3281 450 3348 est,
480 3288 547 3331 sera
569 3269 698 3348 Milesia,
730 3274 887 3333 novissime
913 3281 1009 3333 tamen
1033 3270 1137 3330 desiuit

134 3353 331 3417 Praenestina.
376 3356 522 3416 fodiuntur
548 3355 633 3414 altius
662 3373 748 3435 quam
777 3356 897 3434 fruges,
930 3356 1024 3414 levius
1055 3371 1138 3430 quam

135 3437 220 3497 vites.
247 3440 417 3501 tardissime
439 3439 611 3518 proueniunt
631 3441 759 3516 semine,
786 3439 865 3518 quod
886 3439 915 3497 iu
941 3439 1007 3514 ipso
1029 3438 1144 3496 cortice
