2422 3840
115 190 155 252 46
459 201 489 248 c.
505 201 602 248 entur
620 199 770 248 succum

115 357 205 429 nisse,
219 355 391 428 clarissimo,
399 362 429 412 ut
441 354 574 432 equidem
587 352 721 428 arbitror,
735 351 909 430 exemplob.
922 349 1115 431 Crassiatque

89 438 170 502 th.
188 440 294 500 Domiti
317 437 515 497 Ahenobarbi.
552 435 676 496 Crassus
698 445 797 496 orator
818 435 870 494 fuit
892 436 1039 514 inprimis
1062 454 1115 495 no·

117 526 198 583 minis
216 522 346 581 Romani.
378 521 480 581 domus
496 523 523 580 ei
537 519 704 596 magnilica,
727 519 779 579 sed
796 519 942 597 aliquanto
964 528 1115 598 praestan·

116 610 173 666 tior
184 609 213 665 in
235 605 338 665 eodem
353 605 463 665 Palatio
483 603 518 677 Q.
535 603 630 663 Catuli
660 605 708 682 qui
725 601 859 663 Gimbros
883 621 947 663 cum
972 601 1005 662 0.
1022 601 1116 663 llario

117 691 199 764 indit,
216 689 305 748 multo
319 706 391 748 vero
407 688 600 768 pulcherrima
616 703 759 746 consensu
774 689 897 747 omnium
911 695 1007 747 aetate
1030 704 1065 746 ea
1084 689 1140 746 ine

118 774 195 833 colle
212 773 348 833 Viminali
364 770 397 831 (l.
414 772 512 850 Aquili
534 773 637 850 equitis
662 770 783 831 Romani
803 771 935 831 clarioris
959 769 1009 830 illa
1029 772 1117 830 etiam

119 876 203 936 quam
219 858 287 916 iuris
301 856 394 916 civilis
406 857 538 931 scicntia,
556 873 619 914 cum
630 863 726 915 tamen
740 853 856 915 obiecta
866 853 974 915 Crasso
990 872 1042 914 sua
1059 862 1115 914 est.

90 941 360 1002 dnobilissiroarum
372 941 498 1016 gentium
513 939 609 1013 ambo,
628 937 751 998 Crassos
766 947 855 1017 atque
870 938 1029 1014 Domitius,
1048 956 1116 998 cen·

119 1042 214 1084 suram
236 1032 303 1102 post
324 1023 491 1082 consulatus
517 1022 601 1081 simul
624 1040 747 1099 gessere
774 1038 848 1082 anno
879 1021 1012 1082 conditae
1034 1021 1116 1082 urbis
1185 1040 1186 1043 ¹

118 1120 250 1167 Dcmxn.
265 1106 447 1185 frequentem
467 1107 568 1183 iurgiis
584 1115 705 1184 propter
720 1105 977 1167 dissimilitudinem
992 1122 1112 1166 morum.
1126 1129 1152 1170 ro

119 1200 176 1250 tum
189 1188 241 1254 Gn.
254 1190 407 1265 Domitius,
422 1198 453 1248 ut
472 1199 534 1250 erat
547 1189 705 1248 vehemens
718 1199 828 1265 natura,
845 1198 999 1268 praeterea
1010 1207 1115 1249 accen·

120 1292 168 1333 sus
184 1273 267 1348 odio,
293 1273 370 1352 quod
386 1291 424 1332 cx
437 1273 629 1333 aemulatione
644 1273 837 1333 avidissimum
852 1281 913 1347 est,
930 1275 1060 1350 graviter
1074 1273 1115 1332 in·

120 1359 233 1435 crepuit
247 1358 317 1417 tanti
329 1373 482 1416 censorem
494 1356 635 1432 habitare,
655 1358 706 1423 ιῖε.
718 1374 772 1436 pro
786 1357 871 1417 domo
884 1357 947 1416 eius
960 1356 1117 1417 identidem

91 1442 307 1520 4promittens,
329 1450 359 1500 et
373 1439 512 1515 Crassus,
535 1449 565 1500 ot
578 1458 720 1519 praesens
737 1443 853 1518 ingenio
873 1457 1005 1518 semper,
1028 1449 1059 1499 ut
1074 1440 1116 1500 ia·

121 1535 187 1585 ceto
206 1525 309 1603 lepore
326 1524 450 1600 sollcrs,
475 1524 612 1584 addicere
633 1543 666 1585 se
683 1525 836 1604 respondit
850 1525 984 1602 exceptis
1001 1542 1054 1584 sex
1070 1540 1115 1583 ar·
1126 1537 1153 1578 sc

120 1609 251 1669 boribus.
281 1627 316 1669 ac
330 1628 366 1668 ne
381 1626 437 1667 uno
454 1608 567 1687 quidem
582 1607 713 1684 denario,
729 1608 753 1667 si
769 1607 975 1684 adimerentur,
991 1616 1117 1686 emptam

120 1693 239 1752 volente
256 1692 399 1768 Domitio,
422 1691 560 1752 Crassus:
583 1701 713 1751 utrumne
736 1693 823 1768 igitur
841 1709 898 1768 ego
913 1709 991 1767 snm,
1014 1691 1116 1768 inquit,

121 1793 242 1853 quaeso,
259 1775 377 1851 Domiti,
400 1775 535 1853 exemplo
552 1777 650 1851 gravis
668 1784 697 1834 ct
712 1774 748 1835 ab
766 1776 830 1853 ipsa
844 1793 908 1835 rnea
927 1792 1049 1835 censura
1064 1790 1116 1833 uo·

122 1859 224 1918 tandus
244 1860 293 1936 qui
315 1858 400 1918 domo
422 1876 496 1936 quae
519 1859 586 1918 milri
608 1858 769 1919 hereditate
789 1859 908 1919 obvenit
927 1860 1049 1918 comiter
1067 1857 1117 1917 ba·

91 1941 222 2016 5bitem,
245 1959 281 2000 an
297 1950 326 2001 tu
342 1943 389 2019 qui
405 1960 459 2001 sex
473 1941 596 2001 arbores
612 1943 748 2002 aestimes
762 1941 835 2010 ffel
865 1960 919 2002 eae
935 1942 1018 2002 fuere
1034 1942 1116 2002 lotoe
1126 1957 1154 1998 ao

122 2024 219 2102 patula
234 2041 375 2083 ramorum
399 2026 543 2103 opacitate
559 2024 702 2100 lascivae,
726 2025 852 2088 Caecina
870 2025 964 2102 bargo
980 2045 997 2085 e
1012 2042 1117 2103 proce·

122 2106 201 2165 ribus
214 2106 319 2165 crebro
332 2108 444 2168 iuventa
457 2117 556 2168 nostra
572 2128 623 2169 eas
642 2111 670 2168 in
685 2109 771 2171 domo
783 2117 1021 2193 spaostentante,
1034 2110 1117 2169 dura·

79 2189 164 2275 „2254
179 2199 356 2269 veruntque,
379 2193 512 2269 quoniam
528 2194 608 2253 etde
624 2193 792 2271 longissimo
808 2210 881 2254 aevo
894 2192 1028 2253 arborum
1045 2191 1118 2252 dixi·

122 2292 200 2349 mus,
222 2274 257 2334 ad
272 2273 397 2336 Neronis
413 2276 551 2355 principis
572 2277 703 2337 incendia
724 2277 827 2356 quibus
851 2278 991 2337 cremavit
1004 2274 1118 2350 urbem,

123 2359 202 2417 aunis
225 2371 341 2418 cmxxx
362 2369 466 2438 postea
487 2360 564 2419 cultu
585 2361 693 2420 virides
708 2362 905 2439 iuvenesque,
930 2363 959 2421 ni
980 2359 1154 2438 princepsa

94 2442 172 2506 dille
185 2442 383 2503 accelerasset
392 2446 478 2503 etiam
490 2442 625 2503 arborum
636 2453 767 2504 mortem.
798 2462 833 2504 ac
850 2445 963 2522 nequis
979 2443 1067 2502 vilem
1082 2440 1119 2500 de

123 2533 225 2584 cetero
242 2522 341 2585 Crassi
359 2527 471 2586 domum
485 2527 614 2605 nihilque
629 2528 658 2586 in
679 2546 714 2587 ea
730 2530 861 2605 iurgante
878 2527 1005 2587 Domitio
1027 2526 1120 2585 fuisse

124 2607 276 2667 dicendum
288 2617 405 2685 praeter
417 2608 539 2670 arbores
549 2611 666 2686 iudicet,
682 2612 738 2671 iam
753 2611 900 2672 columnas
916 2618 1050 2688 quattuor
1062 2607 1119 2682 lly-

123 2691 213 2749 mettii
240 2693 389 2751 marmoris
417 2693 570 2753 aedilitatis
590 2696 682 2771 gratia
706 2695 742 2756 ad
765 2713 881 2754 scenam
900 2693 1056 2754 ornandam
1071 2691 1120 2750 ad·

123 2782 225 2833 vectas
240 2775 268 2832 in
283 2776 355 2833 atrio
372 2775 433 2833 eius
454 2776 556 2836 domus
572 2785 721 2854 statuerat,
739 2796 802 2837 cum
817 2779 846 2836 in
861 2776 978 2856 publico
996 2775 1120 2836 nondum
1130 2794 1156 2836 ao

126 2866 225 2917 essent
242 2857 319 2918 ullae
334 2874 521 2919 marmoreae.
552 2869 610 2919 tam
624 2879 730 2919 recens
747 2869 791 2920 est
805 2861 965 2940 opulentia,
983 2867 1121 2935 tantoque

125 2950 192 3000 tunc
204 2941 269 3020 plus
284 2941 403 3001 honoris
414 2940 535 3001 arbores
547 2943 679 3003 domibus
694 2943 874 3020 adferebant,
890 2952 921 3003 ut
937 2944 999 3002 sine
1013 2942 1071 3002 illis
1084 2957 1123 3000 nc

98 3025 333 3086 tinimicitiarnm
349 3026 464 3104 quidem
482 3028 604 3105 pretium
619 3029 781 3088 servaverit
791 3028 944 3088 Domitios.
974 3025 1070 3086 Fuere
1086 3022 1123 3083 ab

126 3107 161 3164 iis
181 3114 211 3164 et
228 3111 399 3184 cognomina
416 3112 553 3188 antiquis:
578 3109 727 3172 Fronditio
748 3112 828 3172 militi
849 3111 891 3171 illi
907 3111 956 3189 qui
970 3107 1125 3187 praeclara

126 3190 256 3250 facinora
284 3190 455 3251 Volturnum
487 3203 668 3255 transnatans
694 3195 797 3256 fronde
825 3195 911 3272 capiti
930 3194 1056 3272 inposita
1075 3189 1161 3254 adm

55 3279 58 3285 ’
128 3291 232 3333 versus
250 3272 437 3335 llannibalem
453 3276 558 3354 edidit,
583 3280 734 3340 stolonum
753 3278 879 3338 Liciniae
902 3279 990 3354 genti.
1019 3277 1058 3336 ita
1074 3291 1124 3352 ap·

128 3357 253 3437 pellatur
269 3358 298 3417 in
313 3359 384 3437 ipsis
396 3358 548 3420 arboribus
559 3363 703 3424 fruticatio
715 3363 833 3437 inutilis,
849 3361 924 3421 unde
937 3369 966 3420 et
978 3359 1126 3439 pampina-

130 3443 172 3501 tio
188 3442 303 3502 inventa
319 3443 411 3521 primo
425 3442 539 3504 Stoloni
551 3445 630 3506 dedit
646 3464 760 3510 nomen.
793 3446 846 3506 fuit
861 3454 891 3504 et
907 3443 1042 3505 arborum
1058 3458 1128 3501 cura
