<?xml version="1.0" encoding="UTF-8"?>
<!DOCTYPE html PUBLIC "-//W3C//DTD XHTML 1.0 Transitional//EN"
    "http://www.w3.org/TR/xhtml1/DTD/xhtml1-transitional.dtd">
<html xmlns="http://www.w3.org/1999/xhtml" xml:lang="en" lang="en">
 <head>
  <title>
</title>
<meta http-equiv="Content-Type" content="text/html;charset=utf-8" />
  <meta name='ocr-system' content='tesseract 3.04.00' />
  <meta name='ocr-capabilities' content='ocr_page ocr_carea ocr_par ocr_line ocrx_word'/>
</head>
<body>
  <div class='ocr_page' id='page_1' title='image "./cplinisecundina04plingoog_0276.png"; bbox 0 0 2422 3840; ppageno 0'>
   <div class='ocr_carea' id='block_1_1' title="bbox 308 149 1100 260">
    <p class='ocr_par' dir='ltr' id='par_1_1' title="bbox 308 149 1100 260">
     <span class='ocr_line' id='line_1_1' title="bbox 308 149 1100 260; baseline 0.009 -23"><span class='ocrx_word' id='word_1_1' title='bbox 308 149 389 238; x_wconf 80' lang='lat' dir='ltr'><strong>nur.</strong></span> <span class='ocrx_word' id='word_1_2' title='bbox 405 189 496 239; x_wconf 76' lang='lat' dir='ltr'><strong>rursu.</strong></span> <span class='ocrx_word' id='word_1_3' title='bbox 514 191 573 240; x_wconf 85' lang='lat' dir='ltr'><strong>xx.</strong></span> <span class='ocrx_word' id='word_1_4' title='bbox 593 188 713 243; x_wconf 78' lang='lat'>16—17.</span> <span class='ocrx_word' id='word_1_5' title='bbox 731 181 884 260; x_wconf 78' lang='lat' dir='ltr'><strong>(oa—tr.)</strong></span> <span class='ocrx_word' id='word_1_6' title='bbox 1039 181 1100 244; x_wconf 79' lang='lat'><strong>217</strong></span> 
     </span>
    </p>
   </div>
   <div class='ocr_carea' id='block_1_2' title="bbox 53 347 1148 3521">
    <p class='ocr_par' dir='ltr' id='par_1_2' title="bbox 70 347 1148 1094">
     <span class='ocr_line' id='line_1_2' title="bbox 98 347 1100 426; baseline 0.002 -19"><span class='ocrx_word' id='word_1_7' title='bbox 98 348 160 407; x_wconf 89' lang='lat' dir='ltr'><strong>esui</strong></span> <span class='ocrx_word' id='word_1_8' title='bbox 177 347 247 407; x_wconf 92' lang='lat' dir='ltr'><strong>dare</strong></span> <span class='ocrx_word' id='word_1_9' title='bbox 262 347 432 421; x_wconf 91' lang='lat' dir='ltr'><strong>decoctum,</strong></span> <span class='ocrx_word' id='word_1_10' title='bbox 453 361 490 404; x_wconf 95' lang='lat' dir='ltr'><strong>eo</strong></span> <span class='ocrx_word' id='word_1_11' title='bbox 506 354 576 422; x_wconf 94' lang='lat' dir='ltr'><strong>potu</strong></span> <span class='ocrx_word' id='word_1_12' title='bbox 593 349 702 406; x_wconf 89' lang='lat' dir='ltr'><strong>urinam</strong></span> <span class='ocrx_word' id='word_1_13' title='bbox 715 348 810 424; x_wconf 87' lang='lat' dir='ltr'><strong>ciere,</strong></span> <span class='ocrx_word' id='word_1_14' title='bbox 825 349 932 426; x_wconf 89' lang='lat' dir='ltr'><strong>ruptis,</strong></span> <span class='ocrx_word' id='word_1_15' title='bbox 951 349 1100 409; x_wconf 83' lang='lat' dir='ltr'><strong>convolsis</strong></span> 
     </span>
     <span class='ocr_line' id='line_1_3' title="bbox 96 429 1102 509; baseline 0.001 -18"><span class='ocrx_word' id='word_1_16' title='bbox 96 430 206 491; x_wconf 79' lang='lat' dir='ltr'><strong>mederi</strong></span> <span class='ocrx_word' id='word_1_17' title='bbox 234 448 297 490; x_wconf 92' lang='lat' dir='ltr'><strong>cum</strong></span> <span class='ocrx_word' id='word_1_18' title='bbox 322 430 442 508; x_wconf 82' lang='lat' dir='ltr'><strong>panacis</strong></span> <span class='ocrx_word' id='word_1_19' title='bbox 466 429 583 505; x_wconf 78' lang='lat' dir='ltr'><strong>radice,</strong></span> <span class='ocrx_word' id='word_1_20' title='bbox 604 429 776 509; x_wconf 85' lang='lat' dir='ltr'><strong>hydropicis</strong></span> <span class='ocrx_word' id='word_1_21' title='bbox 798 448 862 490; x_wconf 92' lang='lat' dir='ltr'><strong>cum</strong></span> <span class='ocrx_word' id='word_1_22' title='bbox 886 430 942 491; x_wconf 90' lang='lat' dir='ltr'><strong>lico</strong></span> <span class='ocrx_word' id='word_1_23' title='bbox 968 441 1016 491; x_wconf 90' lang='lat' dir='ltr'><strong>aut</strong></span> <span class='ocrx_word' id='word_1_24' title='bbox 1038 451 1102 492; x_wconf 89' lang='lat' dir='ltr'><strong>cum</strong></span> 
     </span>
     <span class='ocr_line' id='line_1_4' title="bbox 95 512 1101 591; baseline 0 -16"><span class='ocrx_word' id='word_1_25' title='bbox 95 516 211 591; x_wconf 78' lang='lat' dir='ltr'>hysopo</span> <span class='ocrx_word' id='word_1_26' title='bbox 238 513 382 575; x_wconf 79' lang='lat' dir='ltr'><strong>acetabuli</strong></span> <span class='ocrx_word' id='word_1_27' title='bbox 407 514 549 577; x_wconf 84' lang='lat' dir='ltr'><strong>mensuris</strong></span> <span class='ocrx_word' id='word_1_28' title='bbox 578 512 731 574; x_wconf 88' lang='lat' dir='ltr'><strong>decoctum</strong></span> <span class='ocrx_word' id='word_1_29' title='bbox 754 516 790 574; x_wconf 89' lang='lat' dir='ltr'><strong>ad</strong></span> <span class='ocrx_word' id='word_1_30' title='bbox 813 524 942 591; x_wconf 82' lang='lat' dir='ltr'><strong>sextam,</strong></span> <span class='ocrx_word' id='word_1_31' title='bbox 971 516 1039 575; x_wconf 91' lang='lat' dir='ltr'><strong>item</strong></span> <span class='ocrx_word' id='word_1_32' title='bbox 1065 518 1101 576; x_wconf 90' lang='lat' dir='ltr'><strong>ad</strong></span> 
     </span>
     <span class='ocr_line' id='line_1_5' title="bbox 95 596 1100 677; baseline 0.001 -20"><span class='ocrx_word' id='word_1_33' title='bbox 95 596 240 673; x_wconf 89' lang='lat' dir='ltr'><strong>scabiem,</strong></span> <span class='ocrx_word' id='word_1_34' title='bbox 270 598 462 677; x_wconf 81' lang='lat' dir='ltr'><strong>pruriginem,</strong></span> <span class='ocrx_word' id='word_1_35' title='bbox 497 611 601 674; x_wconf 91' lang='lat' dir='ltr'><strong>psoras</strong></span> <span class='ocrx_word' id='word_1_36' title='bbox 631 599 660 657; x_wconf 92' lang='lat' dir='ltr'><strong>in</strong></span> <span class='ocrx_word' id='word_1_37' title='bbox 688 597 882 658; x_wconf 83' lang='lat' dir='ltr'><strong>descensione</strong></span> <span class='ocrx_word' id='word_1_38' title='bbox 912 598 1100 660; x_wconf 88' lang='lat' dir='ltr'><strong>balinearum.</strong></span> 
     </span>
     <span class='ocr_line' id='line_1_6' title="bbox 70 679 1102 760; baseline 0 -17"><span class='ocrx_word' id='word_1_39' title='bbox 70 699 181 744; x_wconf 79' lang='lat' dir='ltr'><strong>rsucus</strong></span> <span class='ocrx_word' id='word_1_40' title='bbox 203 681 319 741; x_wconf 91' lang='lat' dir='ltr'><strong>auribus</strong></span> <span class='ocrx_word' id='word_1_41' title='bbox 341 679 497 740; x_wconf 83' lang='lat' dir='ltr'><strong>infunditur</strong></span> <span class='ocrx_word' id='word_1_42' title='bbox 517 697 582 740; x_wconf 93' lang='lat' dir='ltr'><strong>cum</strong></span> <span class='ocrx_word' id='word_1_43' title='bbox 600 681 687 741; x_wconf 91' lang='lat' dir='ltr'><strong>lacte.</strong></span> <span class='ocrx_word' id='word_1_44' title='bbox 718 681 844 741; x_wconf 87' lang='lat' dir='ltr'><strong>tonsillis</strong></span> <span class='ocrx_word' id='word_1_45' title='bbox 859 699 975 760; x_wconf 86' lang='lat' dir='ltr'><strong>quoque</strong></span> <span class='ocrx_word' id='word_1_46' title='bbox 994 693 1024 742; x_wconf 92' lang='lat' dir='ltr'><strong>et</strong></span> <span class='ocrx_word' id='word_1_47' title='bbox 1039 687 1102 743; x_wconf 89' lang='lat' dir='ltr'><strong>uvis</strong></span> 
     </span>
     <span class='ocr_line' id='line_1_7' title="bbox 94 763 1145 843; baseline 0.008 -19"><span class='ocrx_word' id='word_1_48' title='bbox 94 765 242 842; x_wconf 90' lang='lat' dir='ltr'><strong>medetur,</strong></span> <span class='ocrx_word' id='word_1_49' title='bbox 266 765 369 843; x_wconf 91' lang='lat' dir='ltr'><strong>capitis</strong></span> <span class='ocrx_word' id='word_1_50' title='bbox 388 763 546 823; x_wconf 86' lang='lat' dir='ltr'><strong>ulceribus.</strong></span> <span class='ocrx_word' id='word_1_51' title='bbox 582 782 695 824; x_wconf 87' lang='lat' dir='ltr'><strong>venena</strong></span> <span class='ocrx_word' id='word_1_52' title='bbox 712 766 761 843; x_wconf 91' lang='lat' dir='ltr'><strong>opi</strong></span> <span class='ocrx_word' id='word_1_53' title='bbox 777 774 806 825; x_wconf 91' lang='lat' dir='ltr'><strong>et</strong></span> <span class='ocrx_word' id='word_1_54' title='bbox 820 766 907 842; x_wconf 75' lang='lat' dir='ltr'><strong>gypsi</strong></span> <span class='ocrx_word' id='word_1_55' title='bbox 925 768 1082 843; x_wconf 84' lang='lat' dir='ltr'><strong>exstinguit</strong></span> <span class='ocrx_word' id='word_1_56' title='bbox 1093 776 1145 832; x_wconf 84' lang='lat'><strong>179</strong></span> 
     </span>
     <span class='ocr_line' id='line_1_8' title="bbox 93 847 1148 924; baseline 0.001 -15"><span class='ocrx_word' id='word_1_57' title='bbox 93 850 265 924; x_wconf 88' lang='lat' dir='ltr'><strong>decoctum,</strong></span> <span class='ocrx_word' id='word_1_58' title='bbox 289 850 313 908; x_wconf 91' lang='lat' dir='ltr'><strong>si</strong></span> <span class='ocrx_word' id='word_1_59' title='bbox 338 865 401 908; x_wconf 90' lang='lat' dir='ltr'><strong>cum</strong></span> <span class='ocrx_word' id='word_1_60' title='bbox 425 849 523 908; x_wconf 90' lang='lat' dir='ltr'><strong>cinere</strong></span> <span class='ocrx_word' id='word_1_61' title='bbox 538 849 567 907; x_wconf 91' lang='lat' dir='ltr'><strong>in</strong></span> <span class='ocrx_word' id='word_1_62' title='bbox 581 850 649 907; x_wconf 86' lang='lat' dir='ltr'><strong>vino</strong></span> <span class='ocrx_word' id='word_1_63' title='bbox 664 847 785 908; x_wconf 88' lang='lat' dir='ltr'><strong>bibatur.</strong></span> <span class='ocrx_word' id='word_1_64' title='bbox 818 848 914 908; x_wconf 83' lang='lat' dir='ltr'><strong>alvom</strong></span> <span class='ocrx_word' id='word_1_65' title='bbox 927 848 1019 908; x_wconf 91' lang='lat' dir='ltr'><strong>mollit</strong></span> <span class='ocrx_word' id='word_1_66' title='bbox 1034 869 1101 910; x_wconf 91' lang='lat' dir='ltr'><strong>ace·</strong></span> <span class='ocrx_word' id='word_1_67' title='bbox 1147 893 1148 896; x_wconf 63' lang='lat'><strong>,</strong></span> 
     </span>
     <span class='ocr_line' id='line_1_9' title="bbox 95 931 1100 1010; baseline 0.002 -19"><span class='ocrx_word' id='word_1_68' title='bbox 95 932 186 992; x_wconf 89' lang='lat' dir='ltr'><strong>tabnli</strong></span> <span class='ocrx_word' id='word_1_69' title='bbox 209 949 360 1008; x_wconf 90' lang='lat' dir='ltr'><strong>mensura,</strong></span> <span class='ocrx_word' id='word_1_70' title='bbox 389 931 553 1009; x_wconf 81' lang='lat' dir='ltr'><strong>suggillatis</strong></span> <span class='ocrx_word' id='word_1_71' title='bbox 581 932 721 1008; x_wconf 90' lang='lat' dir='ltr'><strong>inlinitur,</strong></span> <span class='ocrx_word' id='word_1_72' title='bbox 749 933 817 992; x_wconf 91' lang='lat' dir='ltr'><strong>item</strong></span> <span class='ocrx_word' id='word_1_73' title='bbox 844 932 970 993; x_wconf 90' lang='lat' dir='ltr'><strong>dentium</strong></span> <span class='ocrx_word' id='word_1_74' title='bbox 994 933 1100 1010; x_wconf 90' lang='lat' dir='ltr'><strong>dolori,</strong></span> 
     </span>
     <span class='ocr_line' id='line_1_10' title="bbox 94 1015 1102 1094; baseline 0.003 -21"><span class='ocrx_word' id='word_1_75' title='bbox 94 1015 199 1094; x_wconf 87' lang='lat' dir='ltr'><strong>quibus</strong></span> <span class='ocrx_word' id='word_1_76' title='bbox 220 1025 250 1076; x_wconf 91' lang='lat' dir='ltr'><strong>et</strong></span> <span class='ocrx_word' id='word_1_77' title='bbox 273 1015 429 1076; x_wconf 91' lang='lat' dir='ltr'><strong>candorem</strong></span> <span class='ocrx_word' id='word_1_78' title='bbox 451 1015 537 1091; x_wconf 87' lang='lat' dir='ltr'><strong>facit,</strong></span> <span class='ocrx_word' id='word_1_79' title='bbox 567 1034 631 1076; x_wconf 92' lang='lat' dir='ltr'><strong>cum</strong></span> <span class='ocrx_word' id='word_1_80' title='bbox 651 1015 740 1075; x_wconf 92' lang='lat' dir='ltr'><strong>melle</strong></span> <span class='ocrx_word' id='word_1_81' title='bbox 764 1025 793 1076; x_wconf 92' lang='lat' dir='ltr'><strong>et</strong></span> <span class='ocrx_word' id='word_1_82' title='bbox 813 1015 897 1076; x_wconf 90' lang='lat' dir='ltr'><strong>nitro.</strong></span> <span class='ocrx_word' id='word_1_83' title='bbox 934 1018 1102 1093; x_wconf 90' lang='lat' dir='ltr'><strong>sanguinem</strong></span> 
     </span>
    </p>

    <p class='ocr_par' dir='ltr' id='par_1_3' title="bbox 58 1099 1146 1513">
     <span class='ocr_line' id='line_1_11' title="bbox 58 1099 1101 1179; baseline 0.001 -21"><span class='ocrx_word' id='word_1_84' title='bbox 58 1125 83 1165; x_wconf 82' lang='lat'><strong>10</strong></span> <span class='ocrx_word' id='word_1_85' title='bbox 93 1100 202 1159; x_wconf 91' lang='lat' dir='ltr'><strong>narium</strong></span> <span class='ocrx_word' id='word_1_86' title='bbox 218 1101 301 1160; x_wconf 86' lang='lat' dir='ltr'><strong>sistit.</strong></span> <span class='ocrx_word' id='word_1_87' title='bbox 336 1100 372 1160; x_wconf 91' lang='lat' dir='ltr'><strong>ad</strong></span> <span class='ocrx_word' id='word_1_88' title='bbox 387 1100 533 1179; x_wconf 86' lang='lat' dir='ltr'><strong>parotidas</strong></span> <span class='ocrx_word' id='word_1_89' title='bbox 549 1100 723 1178; x_wconf 87' lang='lat' dir='ltr'><strong>decoquitur</strong></span> <span class='ocrx_word' id='word_1_90' title='bbox 737 1119 801 1160; x_wconf 94' lang='lat' dir='ltr'><strong>cum</strong></span> <span class='ocrx_word' id='word_1_91' title='bbox 818 1099 984 1160; x_wconf 91' lang='lat' dir='ltr'><strong>hordeacea</strong></span> <span class='ocrx_word' id='word_1_92' title='bbox 999 1102 1101 1176; x_wconf 87' lang='lat' dir='ltr'><strong>farina,</strong></span> 
     </span>
     <span class='ocr_line' id='line_1_12' title="bbox 93 1183 1101 1262; baseline 0 -19"><span class='ocrx_word' id='word_1_93' title='bbox 93 1184 128 1244; x_wconf 92' lang='lat' dir='ltr'><strong>ad</strong></span> <span class='ocrx_word' id='word_1_94' title='bbox 154 1185 275 1244; x_wconf 89' lang='lat' dir='ltr'><strong>arterias</strong></span> <span class='ocrx_word' id='word_1_95' title='bbox 298 1201 420 1262; x_wconf 89' lang='lat' dir='ltr'><strong>asperas</strong></span> <span class='ocrx_word' id='word_1_96' title='bbox 445 1200 508 1243; x_wconf 89' lang='lat' dir='ltr'><strong>cum</strong></span> <span class='ocrx_word' id='word_1_97' title='bbox 528 1183 607 1260; x_wconf 88' lang='lat' dir='ltr'><strong>galla</strong></span> <span class='ocrx_word' id='word_1_98' title='bbox 630 1194 660 1244; x_wconf 90' lang='lat' dir='ltr'><strong>et</strong></span> <span class='ocrx_word' id='word_1_99' title='bbox 680 1184 769 1245; x_wconf 87' lang='lat' dir='ltr'><strong>melle</strong></span> <span class='ocrx_word' id='word_1_100' title='bbox 791 1186 908 1261; x_wconf 90' lang='lat' dir='ltr'><strong>teritur,</strong></span> <span class='ocrx_word' id='word_1_101' title='bbox 934 1185 970 1244; x_wconf 89' lang='lat' dir='ltr'><strong>ad</strong></span> <span class='ocrx_word' id='word_1_102' title='bbox 997 1185 1101 1244; x_wconf 91' lang='lat' dir='ltr'><strong>lienem</strong></span> 
     </span>
     <span class='ocr_line' id='line_1_13' title="bbox 92 1266 1146 1347; baseline 0.002 -19"><span class='ocrx_word' id='word_1_103' title='bbox 92 1267 163 1328; x_wconf 93' lang='lat' dir='ltr'><strong>folia</strong></span> <span class='ocrx_word' id='word_1_104' title='bbox 188 1286 251 1329; x_wconf 93' lang='lat' dir='ltr'><strong>cum</strong></span> <span class='ocrx_word' id='word_1_105' title='bbox 272 1268 360 1328; x_wconf 88' lang='lat' dir='ltr'><strong>melle</strong></span> <span class='ocrx_word' id='word_1_106' title='bbox 385 1276 414 1325; x_wconf 91' lang='lat' dir='ltr'><strong>et</strong></span> <span class='ocrx_word' id='word_1_107' title='bbox 436 1266 508 1326; x_wconf 88' lang='lat' dir='ltr'><strong>sale.</strong></span> <span class='ocrx_word' id='word_1_108' title='bbox 545 1269 706 1327; x_wconf 87' lang='lat' dir='ltr'><strong>crassiores</strong></span> <span class='ocrx_word' id='word_1_109' title='bbox 727 1269 844 1347; x_wconf 89' lang='lat' dir='ltr'><strong>pituitas</strong></span> <span class='ocrx_word' id='word_1_110' title='bbox 866 1277 895 1328; x_wconf 91' lang='lat' dir='ltr'><strong>et</strong></span> <span class='ocrx_word' id='word_1_111' title='bbox 915 1270 1013 1345; x_wconf 85' lang='lat' dir='ltr'><strong>nigras</strong></span> <span class='ocrx_word' id='word_1_112' title='bbox 1031 1287 1081 1328; x_wconf 88' lang='lat' dir='ltr'><strong>en·</strong></span> <span class='ocrx_word' id='word_1_113' title='bbox 1093 1279 1146 1332; x_wconf 86' lang='lat'><strong>180</strong></span> 
     </span>
     <span class='ocr_line' id='line_1_14' title="bbox 93 1350 1101 1429; baseline -0.001 -18"><span class='ocrx_word' id='word_1_114' title='bbox 93 1360 194 1411; x_wconf 90' lang='lat' dir='ltr'><strong>tenuat</strong></span> <span class='ocrx_word' id='word_1_115' title='bbox 214 1360 328 1411; x_wconf 92' lang='lat' dir='ltr'><strong>coctum</strong></span> <span class='ocrx_word' id='word_1_116' title='bbox 346 1368 410 1410; x_wconf 93' lang='lat' dir='ltr'><strong>cum</strong></span> <span class='ocrx_word' id='word_1_117' title='bbox 432 1359 517 1410; x_wconf 90' lang='lat' dir='ltr'><strong>aceto</strong></span> <span class='ocrx_word' id='word_1_118' title='bbox 539 1359 569 1408; x_wconf 92' lang='lat' dir='ltr'><strong>et</strong></span> <span class='ocrx_word' id='word_1_119' title='bbox 592 1350 654 1410; x_wconf 88' lang='lat' dir='ltr'><strong>sale</strong></span> <span class='ocrx_word' id='word_1_120' title='bbox 676 1361 818 1429; x_wconf 89' lang='lat' dir='ltr'><strong>sumptum</strong></span> <span class='ocrx_word' id='word_1_121' title='bbox 836 1351 981 1429; x_wconf 88' lang='lat' dir='ltr'><strong>paulatim.</strong></span> <span class='ocrx_word' id='word_1_122' title='bbox 1017 1354 1101 1429; x_wconf 89' lang='lat' dir='ltr'><strong>regio</strong></span> 
     </span>
     <span class='ocr_line' id='line_1_15' title="bbox 93 1432 1102 1513; baseline 0 -20"><span class='ocrx_word' id='word_1_123' title='bbox 93 1433 196 1493; x_wconf 92' lang='lat' dir='ltr'><strong>morbo</strong></span> <span class='ocrx_word' id='word_1_124' title='bbox 213 1435 309 1493; x_wconf 87' lang='lat' dir='ltr'><strong>tritum</strong></span> <span class='ocrx_word' id='word_1_125' title='bbox 326 1451 389 1494; x_wconf 92' lang='lat' dir='ltr'><strong>cum</strong></span> <span class='ocrx_word' id='word_1_126' title='bbox 406 1432 474 1492; x_wconf 91' lang='lat' dir='ltr'><strong>oleo</strong></span> <span class='ocrx_word' id='word_1_127' title='bbox 490 1435 518 1493; x_wconf 93' lang='lat' dir='ltr'><strong>in</strong></span> <span class='ocrx_word' id='word_1_128' title='bbox 532 1434 609 1493; x_wconf 88' lang='lat' dir='ltr'><strong>naris</strong></span> <span class='ocrx_word' id='word_1_129' title='bbox 626 1433 791 1494; x_wconf 83' lang='lat' dir='ltr'><strong>infunditur.</strong></span> <span class='ocrx_word' id='word_1_130' title='bbox 820 1435 889 1494; x_wconf 89' lang='lat' dir='ltr'><strong>lassi</strong></span> <span class='ocrx_word' id='word_1_131' title='bbox 904 1444 1102 1513; x_wconf 88' lang='lat' dir='ltr'><strong>perunguntur</strong></span> 
     </span>
    </p>

    <p class='ocr_par' dir='ltr' id='par_1_4' title="bbox 59 1517 1101 1932">
     <span class='ocr_line' id='line_1_16' title="bbox 59 1517 1099 1596; baseline -0.003 -15"><span class='ocrx_word' id='word_1_132' title='bbox 59 1543 83 1581; x_wconf 78' lang='lat' dir='ltr'><strong>n&gt;</strong></span> <span class='ocrx_word' id='word_1_133' title='bbox 94 1537 131 1577; x_wconf 82' lang='lat' dir='ltr'><strong>ex</strong></span> <span class='ocrx_word' id='word_1_134' title='bbox 147 1535 183 1576; x_wconf 90' lang='lat' dir='ltr'><strong>eo</strong></span> <span class='ocrx_word' id='word_1_135' title='bbox 200 1519 237 1576; x_wconf 89' lang='lat' dir='ltr'><strong>ita</strong></span> <span class='ocrx_word' id='word_1_136' title='bbox 253 1527 334 1576; x_wconf 91' lang='lat' dir='ltr'><strong>utne</strong></span> <span class='ocrx_word' id='word_1_137' title='bbox 349 1517 628 1593; x_wconf 84' lang='lat' dir='ltr'><strong>venterattingatur.</strong></span> <span class='ocrx_word' id='word_1_138' title='bbox 649 1517 829 1595; x_wconf 76' lang='lat' dir='ltr'><strong>epinyctidas</strong></span> <span class='ocrx_word' id='word_1_139' title='bbox 846 1536 910 1577; x_wconf 93' lang='lat' dir='ltr'><strong>cum</strong></span> <span class='ocrx_word' id='word_1_140' title='bbox 926 1519 992 1596; x_wconf 91' lang='lat' dir='ltr'><strong>pice</strong></span> <span class='ocrx_word' id='word_1_141' title='bbox 1008 1528 1099 1593; x_wconf 87' lang='lat' dir='ltr'><strong>sanat,</strong></span> 
     </span>
     <span class='ocr_line' id='line_1_17' title="bbox 79 1599 1101 1678; baseline 0 -18"><span class='ocrx_word' id='word_1_142' title='bbox 79 1599 264 1670; x_wconf 77' lang='lat' dir='ltr'><strong>,furunculos</strong></span> <span class='ocrx_word' id='word_1_143' title='bbox 285 1602 378 1678; x_wconf 87' lang='lat' dir='ltr'><strong>aperit</strong></span> <span class='ocrx_word' id='word_1_144' title='bbox 400 1617 462 1660; x_wconf 92' lang='lat' dir='ltr'><strong>cum</strong></span> <span class='ocrx_word' id='word_1_145' title='bbox 479 1600 536 1660; x_wconf 90' lang='lat' dir='ltr'><strong>lico</strong></span> <span class='ocrx_word' id='word_1_146' title='bbox 552 1609 646 1678; x_wconf 92' lang='lat' dir='ltr'><strong>tosta,</strong></span> <span class='ocrx_word' id='word_1_147' title='bbox 667 1610 789 1661; x_wconf 89' lang='lat' dir='ltr'><strong>strumas</strong></span> <span class='ocrx_word' id='word_1_148' title='bbox 805 1619 868 1661; x_wconf 92' lang='lat' dir='ltr'><strong>oum</strong></span> <span class='ocrx_word' id='word_1_149' title='bbox 884 1601 953 1660; x_wconf 95' lang='lat' dir='ltr'><strong>oleo</strong></span> <span class='ocrx_word' id='word_1_150' title='bbox 971 1610 1001 1661; x_wconf 92' lang='lat' dir='ltr'><strong>et</strong></span> <span class='ocrx_word' id='word_1_151' title='bbox 1016 1610 1101 1661; x_wconf 90' lang='lat' dir='ltr'><strong>aceto</strong></span> 
     </span>
     <span class='ocr_line' id='line_1_18' title="bbox 94 1682 1101 1760; baseline 0 -16"><span class='ocrx_word' id='word_1_152' title='bbox 94 1693 123 1744; x_wconf 89' lang='lat' dir='ltr'><strong>et</strong></span> <span class='ocrx_word' id='word_1_153' title='bbox 138 1682 229 1755; x_wconf 86' lang='lat' dir='ltr'><strong>farina</strong></span> <span class='ocrx_word' id='word_1_154' title='bbox 244 1683 430 1760; x_wconf 90' lang='lat' dir='ltr'><strong>hordeacea,</strong></span> <span class='ocrx_word' id='word_1_155' title='bbox 449 1683 549 1743; x_wconf 90' lang='lat' dir='ltr'><strong>lateris</strong></span> <span class='ocrx_word' id='word_1_156' title='bbox 563 1683 682 1744; x_wconf 90' lang='lat' dir='ltr'><strong>dolores</strong></span> <span class='ocrx_word' id='word_1_157' title='bbox 697 1703 760 1745; x_wconf 93' lang='lat' dir='ltr'><strong>cum</strong></span> <span class='ocrx_word' id='word_1_158' title='bbox 776 1686 832 1744; x_wconf 89' lang='lat' dir='ltr'><strong>lico</strong></span> <span class='ocrx_word' id='word_1_159' title='bbox 846 1684 972 1759; x_wconf 88' lang='lat' dir='ltr'><strong>inlitum,</strong></span> <span class='ocrx_word' id='word_1_160' title='bbox 989 1685 1101 1744; x_wconf 89' lang='lat' dir='ltr'><strong>lluotio·</strong></span> 
     </span>
     <span class='ocr_line' id='line_1_19' title="bbox 92 1767 1101 1845; baseline 0 -18"><span class='ocrx_word' id='word_1_161' title='bbox 92 1785 145 1828; x_wconf 88' lang='lat' dir='ltr'><strong>nes</strong></span> <span class='ocrx_word' id='word_1_162' title='bbox 166 1769 313 1845; x_wconf 88' lang='lat' dir='ltr'><strong>sanguinis</strong></span> <span class='ocrx_word' id='word_1_163' title='bbox 334 1769 362 1826; x_wconf 94' lang='lat' dir='ltr'><strong>in</strong></span> <span class='ocrx_word' id='word_1_164' title='bbox 384 1767 558 1845; x_wconf 81' lang='lat' dir='ltr'><strong>genitalibus</strong></span> <span class='ocrx_word' id='word_1_165' title='bbox 582 1776 695 1828; x_wconf 92' lang='lat' dir='ltr'><strong>tunsum</strong></span> <span class='ocrx_word' id='word_1_166' title='bbox 713 1787 751 1829; x_wconf 85' lang='lat' dir='ltr'><strong>ex</strong></span> <span class='ocrx_word' id='word_1_167' title='bbox 773 1777 858 1829; x_wconf 89' lang='lat' dir='ltr'><strong>aceto</strong></span> <span class='ocrx_word' id='word_1_168' title='bbox 882 1769 1008 1844; x_wconf 90' lang='lat' dir='ltr'><strong>inlitum,</strong></span> <span class='ocrx_word' id='word_1_169' title='bbox 1031 1768 1101 1829; x_wconf 91' lang='lat' dir='ltr'><strong>reli-</strong></span> 
     </span>
     <span class='ocr_line' id='line_1_20' title="bbox 92 1852 535 1932; baseline -0.005 -21"><span class='ocrx_word' id='word_1_170' title='bbox 92 1852 174 1932; x_wconf 86' lang='lat' dir='ltr'><strong>quias</strong></span> <span class='ocrx_word' id='word_1_171' title='bbox 192 1853 394 1930; x_wconf 89' lang='lat' dir='ltr'><strong>purgationum</strong></span> <span class='ocrx_word' id='word_1_172' title='bbox 409 1870 425 1913; x_wconf 92' lang='lat' dir='ltr'><strong>a</strong></span> <span class='ocrx_word' id='word_1_173' title='bbox 442 1861 535 1929; x_wconf 92' lang='lat' dir='ltr'><strong>partu.</strong></span> 
     </span>
    </p>

    <p class='ocr_par' dir='ltr' id='par_1_5' title="bbox 55 1935 1142 2347">
     <span class='ocr_line' id='line_1_21' title="bbox 55 1935 1142 2016; baseline 0.002 -16"><span class='ocrx_word' id='word_1_174' title='bbox 55 1960 81 2000; x_wconf 85' lang='lat' dir='ltr'><strong>ao</strong></span> <span class='ocrx_word' id='word_1_175' title='bbox 156 1935 240 2016; x_wconf 87' lang='lat'><strong>(70.)</strong></span> <span class='ocrx_word' id='word_1_176' title='bbox 262 1936 413 2014; x_wconf 88' lang='lat' dir='ltr'><strong>Lepidium</strong></span> <span class='ocrx_word' id='word_1_177' title='bbox 427 1936 501 1996; x_wconf 91' lang='lat' dir='ltr'><strong>inter</strong></span> <span class='ocrx_word' id='word_1_178' title='bbox 517 1937 630 1997; x_wconf 88' lang='lat' dir='ltr'><strong>urentia</strong></span> <span class='ocrx_word' id='word_1_179' title='bbox 645 1936 832 2014; x_wconf 88' lang='lat' dir='ltr'><strong>intellegitur.</strong></span> <span class='ocrx_word' id='word_1_180' title='bbox 857 1937 901 1995; x_wconf 90' lang='lat' dir='ltr'><strong>sic</strong></span> <span class='ocrx_word' id='word_1_181' title='bbox 917 1937 988 1996; x_wconf 90' lang='lat' dir='ltr'><strong>etin</strong></span> <span class='ocrx_word' id='word_1_182' title='bbox 1003 1935 1142 2002; x_wconf 73' lang='lat' dir='ltr'><strong>facielsl</strong></span> 
     </span>
     <span class='ocr_line' id='line_1_22' title="bbox 92 2019 1101 2095; baseline 0 -15"><span class='ocrx_word' id='word_1_183' title='bbox 92 2029 186 2080; x_wconf 91' lang='lat' dir='ltr'><strong>cutem</strong></span> <span class='ocrx_word' id='word_1_184' title='bbox 203 2020 335 2081; x_wconf 88' lang='lat' dir='ltr'><strong>emendat</strong></span> <span class='ocrx_word' id='word_1_185' title='bbox 352 2020 567 2095; x_wconf 84' lang='lat' dir='ltr'><strong>exulcerando,</strong></span> <span class='ocrx_word' id='word_1_186' title='bbox 585 2030 614 2080; x_wconf 90' lang='lat' dir='ltr'><strong>ut</strong></span> <span class='ocrx_word' id='word_1_187' title='bbox 629 2029 724 2080; x_wconf 91' lang='lat' dir='ltr'><strong>tamen</strong></span> <span class='ocrx_word' id='word_1_188' title='bbox 743 2037 811 2080; x_wconf 90' lang='lat' dir='ltr'><strong>cera</strong></span> <span class='ocrx_word' id='word_1_189' title='bbox 828 2028 857 2078; x_wconf 91' lang='lat' dir='ltr'><strong>et</strong></span> <span class='ocrx_word' id='word_1_190' title='bbox 870 2036 997 2080; x_wconf 90' lang='lat' dir='ltr'><strong>rosaceo</strong></span> <span class='ocrx_word' id='word_1_191' title='bbox 1013 2019 1101 2081; x_wconf 88' lang='lat' dir='ltr'><strong>facile</strong></span> 
     </span>
     <span class='ocr_line' id='line_1_23' title="bbox 92 2103 1100 2180; baseline 0 -17"><span class='ocrx_word' id='word_1_192' title='bbox 92 2112 219 2163; x_wconf 90' lang='lat' dir='ltr'><strong>sanetur.</strong></span> <span class='ocrx_word' id='word_1_193' title='bbox 256 2105 300 2162; x_wconf 93' lang='lat' dir='ltr'><strong>sic</strong></span> <span class='ocrx_word' id='word_1_194' title='bbox 316 2111 345 2162; x_wconf 91' lang='lat' dir='ltr'><strong>et</strong></span> <span class='ocrx_word' id='word_1_195' title='bbox 360 2103 459 2180; x_wconf 91' lang='lat' dir='ltr'><strong>lepras</strong></span> <span class='ocrx_word' id='word_1_196' title='bbox 478 2113 507 2162; x_wconf 89' lang='lat' dir='ltr'><strong>et</strong></span> <span class='ocrx_word' id='word_1_197' title='bbox 524 2121 629 2180; x_wconf 91' lang='lat' dir='ltr'><strong>psoras</strong></span> <span class='ocrx_word' id='word_1_198' title='bbox 645 2104 721 2163; x_wconf 91' lang='lat' dir='ltr'><strong>tollit</strong></span> <span class='ocrx_word' id='word_1_199' title='bbox 736 2121 855 2180; x_wconf 86' lang='lat' dir='ltr'><strong>semper</strong></span> <span class='ocrx_word' id='word_1_200' title='bbox 871 2104 959 2163; x_wconf 89' lang='lat' dir='ltr'><strong>facile</strong></span> <span class='ocrx_word' id='word_1_201' title='bbox 981 2113 1010 2162; x_wconf 87' lang='lat' dir='ltr'><strong>et</strong></span> <span class='ocrx_word' id='word_1_202' title='bbox 1026 2105 1100 2164; x_wconf 89' lang='lat' dir='ltr'><strong>cica-</strong></span> 
     </span>
     <span class='ocr_line' id='line_1_24' title="bbox 91 2185 1100 2263; baseline 0 -17"><span class='ocrx_word' id='word_1_203' title='bbox 91 2187 194 2246; x_wconf 93' lang='lat' dir='ltr'><strong>tricum</strong></span> <span class='ocrx_word' id='word_1_204' title='bbox 205 2186 315 2245; x_wconf 91' lang='lat' dir='ltr'><strong>ulcera.</strong></span> <span class='ocrx_word' id='word_1_205' title='bbox 337 2185 451 2246; x_wconf 89' lang='lat' dir='ltr'><strong>tradunt</strong></span> <span class='ocrx_word' id='word_1_206' title='bbox 464 2187 492 2244; x_wconf 91' lang='lat' dir='ltr'><strong>in</strong></span> <span class='ocrx_word' id='word_1_207' title='bbox 504 2185 608 2245; x_wconf 93' lang='lat' dir='ltr'><strong>dolore</strong></span> <span class='ocrx_word' id='word_1_208' title='bbox 621 2185 746 2244; x_wconf 91' lang='lat' dir='ltr'><strong>dentium</strong></span> <span class='ocrx_word' id='word_1_209' title='bbox 761 2186 947 2263; x_wconf 88' lang='lat' dir='ltr'><strong>adalligatum</strong></span> <span class='ocrx_word' id='word_1_210' title='bbox 962 2185 1100 2247; x_wconf 89' lang='lat' dir='ltr'><strong>bracchio</strong></span> 
     </span>
     <span class='ocr_line' id='line_1_25' title="bbox 91 2267 610 2347; baseline -0.006 -19"><span class='ocrx_word' id='word_1_211' title='bbox 91 2287 147 2347; x_wconf 89' lang='lat' dir='ltr'><strong>qua</strong></span> <span class='ocrx_word' id='word_1_212' title='bbox 162 2269 262 2329; x_wconf 88' lang='lat' dir='ltr'><strong>doleat</strong></span> <span class='ocrx_word' id='word_1_213' title='bbox 278 2278 452 2328; x_wconf 89' lang='lat' dir='ltr'><strong>convertere</strong></span> <span class='ocrx_word' id='word_1_214' title='bbox 468 2267 610 2328; x_wconf 89' lang='lat' dir='ltr'><strong>dolorem.</strong></span> 
     </span>
    </p>

    <p class='ocr_par' dir='ltr' id='par_1_6' title="bbox 55 2350 1145 2753">
     <span class='ocr_line' id='line_1_26' title="bbox 55 2350 1145 2432; baseline -0.003 -15"><span class='ocrx_word' id='word_1_215' title='bbox 55 2378 81 2417; x_wconf 78' lang='lat' dir='ltr'><strong>as</strong></span> <span class='ocrx_word' id='word_1_216' title='bbox 159 2350 245 2432; x_wconf 80' lang='lat'>(71.)</span> <span class='ocrx_word' id='word_1_217' title='bbox 269 2351 315 2412; x_wconf 81' lang='lat' dir='ltr'><strong>(iit</strong></span> <span class='ocrx_word' id='word_1_218' title='bbox 331 2370 369 2412; x_wconf 84' lang='lat' dir='ltr'><strong>ex</strong></span> <span class='ocrx_word' id='word_1_219' title='bbox 385 2351 506 2412; x_wconf 82' lang='lat' dir='ltr'><strong>Graecis</strong></span> <span class='ocrx_word' id='word_1_220' title='bbox 521 2351 568 2412; x_wconf 91' lang='lat' dir='ltr'><strong>alii</strong></span> <span class='ocrx_word' id='word_1_221' title='bbox 589 2351 781 2428; x_wconf 87' lang='lat' dir='ltr'><strong>melanthion,</strong></span> <span class='ocrx_word' id='word_1_222' title='bbox 800 2351 848 2411; x_wconf 90' lang='lat' dir='ltr'><strong>alii</strong></span> <span class='ocrx_word' id='word_1_223' title='bbox 866 2350 1080 2430; x_wconf 91' lang='lat' dir='ltr'><strong>melaspermon</strong></span> <span class='ocrx_word' id='word_1_224' title='bbox 1093 2363 1145 2417; x_wconf 73' lang='lat'><strong>182</strong></span> 
     </span>
     <span class='ocr_line' id='line_1_27' title="bbox 89 2435 1100 2515; baseline 0.002 -21"><span class='ocrx_word' id='word_1_225' title='bbox 89 2445 206 2497; x_wconf 85' lang='lat' dir='ltr'><strong>vocant.</strong></span> <span class='ocrx_word' id='word_1_226' title='bbox 237 2445 384 2515; x_wconf 92' lang='lat' dir='ltr'><strong>optumum</strong></span> <span class='ocrx_word' id='word_1_227' title='bbox 400 2453 483 2514; x_wconf 84' lang='lat' dir='ltr'><strong>qnam</strong></span> <span class='ocrx_word' id='word_1_228' title='bbox 499 2435 699 2497; x_wconf 82' lang='lat' dir='ltr'><strong>excitatissimi</strong></span> <span class='ocrx_word' id='word_1_229' title='bbox 715 2435 815 2495; x_wconf 91' lang='lat' dir='ltr'><strong>odoris</strong></span> <span class='ocrx_word' id='word_1_230' title='bbox 832 2444 861 2494; x_wconf 90' lang='lat' dir='ltr'><strong>et</strong></span> <span class='ocrx_word' id='word_1_231' title='bbox 880 2452 964 2513; x_wconf 87' lang='lat' dir='ltr'><strong>quum</strong></span> <span class='ocrx_word' id='word_1_232' title='bbox 979 2438 1100 2514; x_wconf 86' lang='lat' dir='ltr'><strong>nigerri-</strong></span> 
     </span>
     <span class='ocr_line' id='line_1_28' title="bbox 89 2520 1101 2599; baseline 0 -19"><span class='ocrx_word' id='word_1_233' title='bbox 89 2539 175 2580; x_wconf 92' lang='lat' dir='ltr'><strong>mum.</strong></span> <span class='ocrx_word' id='word_1_234' title='bbox 200 2520 353 2580; x_wconf 77' lang='lat' dir='ltr'><strong>&#39;medetur&#39;</strong></span> <span class='ocrx_word' id='word_1_235' title='bbox 369 2521 547 2599; x_wconf 92' lang='lat' dir='ltr'><strong>serpentium</strong></span> <span class='ocrx_word' id='word_1_236' title='bbox 568 2520 664 2599; x_wconf 85' lang='lat' dir='ltr'><strong>plagis</strong></span> <span class='ocrx_word' id='word_1_237' title='bbox 687 2528 716 2578; x_wconf 93' lang='lat' dir='ltr'><strong>et</strong></span> <span class='ocrx_word' id='word_1_238' title='bbox 737 2521 933 2597; x_wconf 89' lang='lat' dir='ltr'><strong>scorpionum.</strong></span> <span class='ocrx_word' id='word_1_239' title='bbox 968 2521 1047 2580; x_wconf 89' lang='lat' dir='ltr'><strong>inlini</strong></span> <span class='ocrx_word' id='word_1_240' title='bbox 1064 2539 1101 2580; x_wconf 88' lang='lat' dir='ltr'><strong>ex</strong></span> 
     </span>
     <span class='ocr_line' id='line_1_29' title="bbox 90 2602 1102 2681; baseline 0.001 -17"><span class='ocrx_word' id='word_1_241' title='bbox 90 2613 177 2664; x_wconf 91' lang='lat' dir='ltr'><strong>aceto</strong></span> <span class='ocrx_word' id='word_1_242' title='bbox 200 2620 236 2662; x_wconf 84' lang='lat' dir='ltr'><strong>ac</strong></span> <span class='ocrx_word' id='word_1_243' title='bbox 258 2603 346 2662; x_wconf 92' lang='lat' dir='ltr'><strong>melle</strong></span> <span class='ocrx_word' id='word_1_244' title='bbox 368 2605 486 2681; x_wconf 91' lang='lat' dir='ltr'><strong>reperio</strong></span> <span class='ocrx_word' id='word_1_245' title='bbox 503 2605 684 2679; x_wconf 90' lang='lat' dir='ltr'><strong>incensoque</strong></span> <span class='ocrx_word' id='word_1_246' title='bbox 700 2604 846 2681; x_wconf 89' lang='lat' dir='ltr'><strong>serpentis</strong></span> <span class='ocrx_word' id='word_1_247' title='bbox 862 2602 966 2680; x_wconf 88' lang='lat' dir='ltr'><strong>fugari.</strong></span> <span class='ocrx_word' id='word_1_248' title='bbox 995 2604 1102 2665; x_wconf 91' lang='lat' dir='ltr'><strong>bibitur</strong></span> 
     </span>
     <span class='ocr_line' id='line_1_30' title="bbox 90 2684 1145 2753; baseline 0.005 -5"><span class='ocrx_word' id='word_1_249' title='bbox 90 2684 229 2748; x_wconf 89' lang='lat' dir='ltr'><strong>drachma</strong></span> <span class='ocrx_word' id='word_1_250' title='bbox 262 2704 318 2746; x_wconf 88' lang='lat' dir='ltr'><strong>una</strong></span> <span class='ocrx_word' id='word_1_251' title='bbox 350 2695 380 2745; x_wconf 92' lang='lat' dir='ltr'><strong>et</strong></span> <span class='ocrx_word' id='word_1_252' title='bbox 412 2695 511 2746; x_wconf 89' lang='lat' dir='ltr'><strong>contra</strong></span> <span class='ocrx_word' id='word_1_253' title='bbox 545 2703 679 2747; x_wconf 86' lang='lat' dir='ltr'><strong>araneos.</strong></span> <span class='ocrx_word' id='word_1_254' title='bbox 724 2686 947 2748; x_wconf 87' lang='lat' dir='ltr'><strong>destillationem</strong></span> <span class='ocrx_word' id='word_1_255' title='bbox 971 2691 1080 2750; x_wconf 92' lang='lat' dir='ltr'><strong>narium</strong></span> <span class='ocrx_word' id='word_1_256' title='bbox 1093 2698 1145 2753; x_wconf 83' lang='grc'><strong>183</strong></span> 
     </span>
    </p>

    <p class='ocr_par' dir='ltr' id='par_1_7' title="bbox 55 2769 1100 3188">
     <span class='ocr_line' id='line_1_31' title="bbox 55 2769 1100 2849; baseline 0.003 -20"><span class='ocrx_word' id='word_1_257' title='bbox 55 2797 81 2838; x_wconf 80' lang='lat'><strong>30</strong></span> <span class='ocrx_word' id='word_1_258' title='bbox 93 2770 210 2830; x_wconf 89' lang='lat' dir='ltr'><strong>discutit</strong></span> <span class='ocrx_word' id='word_1_259' title='bbox 225 2777 338 2829; x_wconf 89' lang='lat' dir='ltr'><strong>tunsum</strong></span> <span class='ocrx_word' id='word_1_260' title='bbox 356 2772 386 2829; x_wconf 92' lang='lat' dir='ltr'><strong>in</strong></span> <span class='ocrx_word' id='word_1_261' title='bbox 400 2769 522 2831; x_wconf 90' lang='lat' dir='ltr'><strong>linteolo</strong></span> <span class='ocrx_word' id='word_1_262' title='bbox 541 2770 712 2847; x_wconf 87' lang='lat' dir='ltr'><strong>olefactum,</strong></span> <span class='ocrx_word' id='word_1_263' title='bbox 737 2773 840 2849; x_wconf 88' lang='lat' dir='ltr'><strong>capitis</strong></span> <span class='ocrx_word' id='word_1_264' title='bbox 855 2772 976 2833; x_wconf 90' lang='lat' dir='ltr'><strong>dolores</strong></span> <span class='ocrx_word' id='word_1_265' title='bbox 991 2775 1100 2834; x_wconf 91' lang='lat' dir='ltr'><strong>inlitum</strong></span> 
     </span>
     <span class='ocr_line' id='line_1_32' title="bbox 92 2852 1099 2937; baseline 0.001 -24"><span class='ocrx_word' id='word_1_266' title='bbox 92 2872 130 2913; x_wconf 87' lang='lat' dir='ltr'><strong>ex</strong></span> <span class='ocrx_word' id='word_1_267' title='bbox 148 2861 235 2912; x_wconf 91' lang='lat' dir='ltr'><strong>aceto</strong></span> <span class='ocrx_word' id='word_1_268' title='bbox 251 2862 281 2913; x_wconf 93' lang='lat' dir='ltr'><strong>et</strong></span> <span class='ocrx_word' id='word_1_269' title='bbox 296 2852 420 2913; x_wconf 91' lang='lat' dir='ltr'><strong>infusum</strong></span> <span class='ocrx_word' id='word_1_270' title='bbox 435 2854 571 2931; x_wconf 88' lang='lat' dir='ltr'><strong>naribus,</strong></span> <span class='ocrx_word' id='word_1_271' title='bbox 596 2872 659 2915; x_wconf 91' lang='lat' dir='ltr'><strong>eum</strong></span> <span class='ocrx_word' id='word_1_272' title='bbox 680 2856 754 2917; x_wconf 90' lang='lat' dir='ltr'><strong>irino</strong></span> <span class='ocrx_word' id='word_1_273' title='bbox 772 2855 923 2917; x_wconf 88' lang='lat' dir='ltr'><strong>oculorum</strong></span> <span class='ocrx_word' id='word_1_274' title='bbox 941 2858 1099 2937; x_wconf 91' lang='lat' dir='ltr'><strong>epiphoras</strong></span> 
     </span>
     <span class='ocr_line' id='line_1_33' title="bbox 91 2937 1100 3017; baseline 0.001 -19"><span class='ocrx_word' id='word_1_275' title='bbox 91 2947 120 2998; x_wconf 93' lang='lat' dir='ltr'><strong>et</strong></span> <span class='ocrx_word' id='word_1_276' title='bbox 134 2945 281 3015; x_wconf 87' lang='lat' dir='ltr'><strong>tumores,</strong></span> <span class='ocrx_word' id='word_1_277' title='bbox 301 2937 426 2997; x_wconf 92' lang='lat' dir='ltr'><strong>dentium</strong></span> <span class='ocrx_word' id='word_1_278' title='bbox 448 2938 568 2998; x_wconf 92' lang='lat' dir='ltr'><strong>dolores</strong></span> <span class='ocrx_word' id='word_1_279' title='bbox 586 2948 702 3000; x_wconf 93' lang='lat' dir='ltr'><strong>coctum</strong></span> <span class='ocrx_word' id='word_1_280' title='bbox 718 2958 782 3000; x_wconf 91' lang='lat' dir='ltr'><strong>cum</strong></span> <span class='ocrx_word' id='word_1_281' title='bbox 797 2950 904 3017; x_wconf 90' lang='lat' dir='ltr'><strong>aceto,</strong></span> <span class='ocrx_word' id='word_1_282' title='bbox 922 2941 1022 3001; x_wconf 90' lang='lat' dir='ltr'><strong>ulcera</strong></span> <span class='ocrx_word' id='word_1_283' title='bbox 1040 2942 1100 3001; x_wconf 90' lang='lat' dir='ltr'><strong>oris</strong></span> 
     </span>
     <span class='ocr_line' id='line_1_34' title="bbox 91 3021 1099 3102; baseline 0.002 -20"><span class='ocrx_word' id='word_1_284' title='bbox 91 3024 188 3082; x_wconf 90' lang='lat' dir='ltr'><strong>tritum</strong></span> <span class='ocrx_word' id='word_1_285' title='bbox 203 3030 251 3082; x_wconf 91' lang='lat' dir='ltr'><strong>aut</strong></span> <span class='ocrx_word' id='word_1_286' title='bbox 264 3021 535 3099; x_wconf 80' lang='lat' dir='ltr'><strong>commanducatum,</strong></span> <span class='ocrx_word' id='word_1_287' title='bbox 551 3023 620 3082; x_wconf 92' lang='lat' dir='ltr'><strong>item</strong></span> <span class='ocrx_word' id='word_1_288' title='bbox 633 3023 731 3102; x_wconf 92' lang='lat' dir='ltr'><strong>lepras</strong></span> <span class='ocrx_word' id='word_1_289' title='bbox 745 3033 774 3085; x_wconf 92' lang='lat' dir='ltr'><strong>et</strong></span> <span class='ocrx_word' id='word_1_290' title='bbox 785 3023 941 3102; x_wconf 87' lang='lat' dir='ltr'><strong>lentigines</strong></span> <span class='ocrx_word' id='word_1_291' title='bbox 954 3044 991 3084; x_wconf 87' lang='lat' dir='ltr'><strong>en</strong></span> <span class='ocrx_word' id='word_1_292' title='bbox 1002 3034 1099 3099; x_wconf 89' lang='lat' dir='ltr'><strong>aceto,</strong></span> 
     </span>
     <span class='ocr_line' id='line_1_35' title="bbox 90 3105 1100 3188; baseline 0.002 -23"><span class='ocrx_word' id='word_1_293' title='bbox 90 3105 278 3166; x_wconf 82' lang='lat' dir='ltr'><strong>difficultates</strong></span> <span class='ocrx_word' id='word_1_294' title='bbox 297 3105 425 3184; x_wconf 87' lang='lat' dir='ltr'><strong>spirandi</strong></span> <span class='ocrx_word' id='word_1_295' title='bbox 442 3105 539 3167; x_wconf 91' lang='lat' dir='ltr'><strong>addito</strong></span> <span class='ocrx_word' id='word_1_296' title='bbox 556 3107 630 3166; x_wconf 93' lang='lat' dir='ltr'><strong>nitro</strong></span> <span class='ocrx_word' id='word_1_297' title='bbox 645 3116 760 3185; x_wconf 92' lang='lat' dir='ltr'><strong>potum,</strong></span> <span class='ocrx_word' id='word_1_298' title='bbox 776 3106 895 3168; x_wconf 89' lang='lat' dir='ltr'><strong>duritias</strong></span> <span class='ocrx_word' id='word_1_299' title='bbox 911 3117 1100 3188; x_wconf 88' lang='lat' dir='ltr'><strong>tumoresque</strong></span> 
     </span>
    </p>

    <p class='ocr_par' dir='ltr' id='par_1_8' title="bbox 53 3189 1142 3521">
     <span class='ocr_line' id='line_1_36' title="bbox 53 3189 1099 3270; baseline 0 -19"><span class='ocrx_word' id='word_1_300' title='bbox 53 3199 208 3252; x_wconf 81' lang='lat' dir='ltr'><strong>orveteres</strong></span> <span class='ocrx_word' id='word_1_301' title='bbox 228 3198 258 3249; x_wconf 93' lang='lat' dir='ltr'><strong>et</strong></span> <span class='ocrx_word' id='word_1_302' title='bbox 278 3189 500 3268; x_wconf 86' lang='lat' dir='ltr'><strong>suppurationes</strong></span> <span class='ocrx_word' id='word_1_303' title='bbox 516 3189 635 3249; x_wconf 88' lang='lat' dir='ltr'><strong>inlitum.</strong></span> <span class='ocrx_word' id='word_1_304' title='bbox 662 3191 739 3250; x_wconf 88' lang='lat' dir='ltr'><strong>lacte</strong></span> <span class='ocrx_word' id='word_1_305' title='bbox 760 3191 909 3252; x_wconf 92' lang='lat' dir='ltr'><strong>mulierum</strong></span> <span class='ocrx_word' id='word_1_306' title='bbox 926 3203 1013 3270; x_wconf 90' lang='lat' dir='ltr'><strong>auget</strong></span> <span class='ocrx_word' id='word_1_307' title='bbox 1031 3210 1099 3253; x_wconf 92' lang='lat' dir='ltr'><strong>con·</strong></span> 
     </span>
     <span class='ocr_line' id='line_1_37' title="bbox 91 3273 1142 3351; baseline 0.006 -19"><span class='ocrx_word' id='word_1_308' title='bbox 91 3273 177 3333; x_wconf 91' lang='lat' dir='ltr'><strong>tinuis</strong></span> <span class='ocrx_word' id='word_1_309' title='bbox 189 3273 292 3335; x_wconf 88' lang='lat' dir='ltr'><strong>diebus</strong></span> <span class='ocrx_word' id='word_1_310' title='bbox 310 3280 461 3351; x_wconf 90' lang='lat' dir='ltr'><strong>sumptum.</strong></span> <span class='ocrx_word' id='word_1_311' title='bbox 489 3273 636 3351; x_wconf 90' lang='lat' dir='ltr'><strong>colligitur</strong></span> <span class='ocrx_word' id='word_1_312' title='bbox 658 3292 745 3334; x_wconf 89' lang='lat' dir='ltr'><strong>sucus</strong></span> <span class='ocrx_word' id='word_1_313' title='bbox 766 3276 828 3335; x_wconf 92' lang='lat' dir='ltr'><strong>eius</strong></span> <span class='ocrx_word' id='word_1_314' title='bbox 846 3285 876 3335; x_wconf 91' lang='lat' dir='ltr'><strong>ut</strong></span> <span class='ocrx_word' id='word_1_315' title='bbox 897 3276 1142 3351; x_wconf 76' lang='lat' dir='ltr'><strong>hposcpami,184</strong></span> 
     </span>
     <span class='ocr_line' id='line_1_38' title="bbox 93 3356 1100 3436; baseline 0.005 -24"><span class='ocrx_word' id='word_1_316' title='bbox 93 3356 281 3435; x_wconf 90' lang='lat' dir='ltr'><strong>similiterque</strong></span> <span class='ocrx_word' id='word_1_317' title='bbox 299 3357 410 3434; x_wconf 88' lang='lat' dir='ltr'><strong>largior</strong></span> <span class='ocrx_word' id='word_1_318' title='bbox 424 3374 568 3416; x_wconf 84' lang='lat' dir='ltr'><strong>venenum</strong></span> <span class='ocrx_word' id='word_1_319' title='bbox 586 3366 644 3434; x_wconf 90' lang='lat' dir='ltr'><strong>est,</strong></span> <span class='ocrx_word' id='word_1_320' title='bbox 660 3358 739 3436; x_wconf 87' lang='lat' dir='ltr'><strong>quod</strong></span> <span class='ocrx_word' id='word_1_321' title='bbox 752 3359 902 3434; x_wconf 90' lang='lat' dir='ltr'><strong>miremur,</strong></span> <span class='ocrx_word' id='word_1_322' title='bbox 922 3376 985 3418; x_wconf 91' lang='lat' dir='ltr'><strong>cum</strong></span> <span class='ocrx_word' id='word_1_323' title='bbox 1000 3376 1100 3418; x_wconf 92' lang='lat' dir='ltr'><strong>semen</strong></span> 
     </span>
     <span class='ocr_line' id='line_1_39' title="bbox 91 3440 1108 3521; baseline 0 -25"><span class='ocrx_word' id='word_1_324' title='bbox 91 3441 256 3514; x_wconf 88' lang='lat' dir='ltr'><strong>gratissime</strong></span> <span class='ocrx_word' id='word_1_325' title='bbox 273 3442 356 3520; x_wconf 87' lang='lat' dir='ltr'><strong>panis</strong></span> <span class='ocrx_word' id='word_1_326' title='bbox 368 3441 454 3500; x_wconf 73' lang='lat' dir='ltr'><strong>etiam</strong></span> <span class='ocrx_word' id='word_1_327' title='bbox 467 3440 592 3501; x_wconf 86' lang='lat' dir='ltr'><strong>condiat.</strong></span> <span class='ocrx_word' id='word_1_328' title='bbox 614 3443 718 3502; x_wconf 93' lang='lat' dir='ltr'><strong>oculos</strong></span> <span class='ocrx_word' id='word_1_329' title='bbox 731 3459 848 3521; x_wconf 84' lang='lat' dir='ltr'><strong>quoque</strong></span> <span class='ocrx_word' id='word_1_330' title='bbox 859 3443 1108 3519; x_wconf 62' lang='lat' dir='ltr'><strong>puteanorum</strong></span> 
     </span>
    </p>
   </div>
   <div class='ocr_carea' id='block_1_3' title="bbox 0 0 1216 3840">
    <p class='ocr_par' dir='ltr' id='par_1_9' title="bbox 0 0 1216 3840">
     <span class='ocr_line' id='line_1_40' title="bbox 0 0 1216 3840; baseline 0 1"><span class='ocrx_word' id='word_1_331' title='bbox 0 0 1216 3840; x_wconf 95' lang='lat' dir='ltr'><strong> </strong></span> 
     </span>
    </p>
   </div>
  </div>
 </body>
</html>
