2422 3840
121 181 161 242 60
474 189 503 237 c.
522 191 617 237 rrum
632 189 783 236 sncuunr

121 357 221 409 natura
236 355 265 405 ut
279 345 363 405 altius
382 343 565 403 demittantur
586 360 620 401 ea
642 360 716 420 quae
733 361 840 402 summa
858 342 964 402 tellure
981 342 1122 420 gaudent,

120 442 262 507 tamquam
283 428 427 501 fraxinus,
452 427 529 486 olea.
569 425 643 485 haec
670 435 699 484 et
721 426 824 485 similia
843 434 1002 503 quaternos
1024 425 1121 504 pedes

123 521 239 592 oportet
266 511 384 571 demitti.
426 511 534 568 ceteris
562 517 607 569 sat
634 509 789 569 altitudinis
822 509 913 587 pedes
944 509 1019 568 terni
1048 509 1120 568 elle-

121 597 221 656 cerint.
243 593 287 629 ⁴*
329 593 474 653 Exclde
499 593 677 668 radicem,
707 593 962 670 inquit,istam,
988 591 1121 670 Papirius

122 677 231 738 Cursor
261 679 434 755 imperator,
464 676 500 736 ad
529 685 670 736 terrorem
698 675 949 735 Praenestinorum
973 677 1147 753 praetorias

121 761 260 837 destringi
279 762 376 820 securi
390 762 477 818 iussa.
507 768 535 818 et
552 769 597 818 est
612 761 757 818 innoxium
773 758 871 820 abradi
887 760 977 837 partis
993 775 1068 835 quae
1085 777 1119 818 se

48 863 53 871 ·
77 855 112 909 82
122 845 300 905 nudaverint.
327 843 430 902 'destas
447 842 554 922 aliqui,
568 843 656 921 aliqui
671 842 783 921 lapides
798 842 937 902 rotundos
951 841 1043 901 subici
1058 860 1119 901 ma-

120 929 179 988 lunt
193 929 241 1006 qui
259 936 287 985 et
305 928 468 985 contineant
484 943 613 985 umorem
628 935 657 985 et
669 927 874 1001 transmittant,
897 942 955 985 non
968 927 1037 984 item
1054 925 1117 1004 pla·

121 1030 173 1071 nos
189 1012 288 1076 lacere
305 1018 333 1067 et
348 1026 365 1067 a
381 1017 497 1067 terreno
519 1027 622 1068 arcere
642 1009 769 1069 radicem
781 1010 989 1069 existimantes.
1015 1008 1118 1086 glarea

76 1103 112 1157 83
123 1094 267 1152 substrata
294 1093 369 1151 inter
390 1099 538 1168 utramque
565 1095 736 1151 sententiam
761 1092 856 1152 luerit.
891 1092 1035 1151 Arborem
1059 1109 1155 1157 necao

120 1178 258 1235 minorem
279 1175 354 1234 bima
374 1192 428 1233 nec
448 1177 587 1234 maiorem
607 1177 688 1236 trima
710 1177 869 1236 transferre
895 1176 1009 1253 quidam
1031 1193 1116 1253 prae-

121 1259 244 1336 cipiunt,
268 1259 316 1318 alli
336 1276 400 1317 cnm
416 1275 518 1317 annum
533 1259 684 1337 conpleat,
705 1256 779 1318 Cato
800 1260 973 1319 crassiorem
989 1259 1118 1336 quinque

120 1343 227 1418 digitis.
260 1340 325 1401 Non
340 1342 486 1402 omisisset
508 1342 599 1417 idem,
624 1344 648 1400 si
669 1344 818 1417 attineret,
840 1342 1026 1402 meridianam
1041 1341 1118 1401 caeli

120 1433 231 1503 partem
252 1426 366 1502 signare
388 1426 416 1485 in
438 1426 565 1500 cortice,
586 1434 618 1484 ut
636 1427 792 1486 translatae
814 1425 916 1485 iisdem
937 1435 967 1485 et
986 1425 1117 1485 adsuetis

119 1517 313 1568 statuerentur
326 1507 416 1586 boris,
428 1529 465 1570 ne
478 1509 642 1587 aquiloniae
655 1510 819 1569 meridianis
836 1510 990 1587 oppositae
1003 1507 1117 1568 solibus
1127 1525 1153 1565 15

75 1592 314 1666 84bnderentur,
334 1599 363 1650 et
379 1593 511 1669 algerent
530 1594 706 1653 meridianae
722 1593 912 1671 aquilonibus.
944 1591 1021 1669 quod
1041 1591 1116 1652 edi-

118 1693 204 1734 verso
222 1675 368 1734 adiectant
384 1677 466 1735 etiam
482 1678 595 1753 quidam
613 1677 713 1736 invite
732 1676 858 1754 deoque,
874 1683 1069 1754 permutantes
1087 1675 1118 1734 in

118 1759 301 1817 eontrarium.
329 1758 481 1817 densiores
492 1761 566 1818 enim
579 1759 651 1818 folio
662 1760 700 1818 ita
715 1760 778 1818 lieri
790 1761 941 1836 magisque
953 1767 1117 1837 protegere

118 1840 239 1899 fructum
266 1848 295 1898 et
316 1842 409 1900 minus
434 1843 582 1918 amittere,
610 1841 751 1919 ficumque
777 1845 820 1901 sic
846 1845 932 1902 etiam
960 1842 1117 1902 scansilem

107 1924 189 1981 ¹lieri.
219 1922 353 1999 plerique
369 1924 397 1983 id
412 1922 524 1982 demum
542 1933 646 1984 cavent
665 1933 695 1983 ut
710 1926 797 2003 plaga
812 1926 940 2004 deputati
957 1926 1113 1984 cacuminis
1124 1942 1151 1983 aa

117 2004 266 2065 meridiem
288 2015 420 2082 spectet,
446 2009 538 2082 ignari
560 2005 669 2066 fissuris
690 2009 768 2067 nimii
787 2011 906 2087 vaporis
928 2009 1047 2088 opponi.
1084 2007 1115 2068 id

118 2088 231 2167 quidem
249 2090 277 2146 in
298 2089 398 2148 boram
424 2090 480 2149 diei
496 2093 620 2168 quintam
638 2091 686 2150 vel
704 2101 835 2152 octavam
856 2101 990 2170 spectare
1006 2091 1114 2151 malue-

74 2174 182 2234 85rim.
213 2171 316 2249 deque
337 2172 408 2232 latet
423 2191 480 2233 non
498 2175 712 2252 neglegendum
726 2195 763 2235 ne
783 2176 898 2235 radices
917 2191 996 2234 mora
1017 2177 1114 2234 inare-

117 2264 199 2315 scant
213 2274 287 2314 neve
306 2274 321 2315 a
337 2259 582 2335 septentrionibus
600 2267 648 2319 ant
667 2259 703 2319 ab
726 2277 761 2318 ea
777 2268 859 2337 parte
876 2259 950 2318 caeli
965 2276 1057 2336 usque
1077 2258 1114 2318 ad

118 2349 248 2398 exortum
262 2339 420 2400 brumalem
436 2351 522 2402 vento
537 2343 623 2402 llante
639 2343 811 2403 effodiantur
826 2342 957 2417 arbores,
973 2349 1112 2402 antcerte
1123 2357 1150 2395 as

115 2441 172 2482 non
188 2423 330 2482 adversae
351 2424 396 2484 lris
418 2427 511 2484 ventis
527 2426 641 2485 radices
661 2425 873 2503 praebeantur,
889 2434 1017 2507 propter
1034 2424 1113 2502 quod

117 2508 291 2565 emoriuntur
311 2508 419 2584 ignaris
440 2525 545 2568 causae
569 2509 716 2585 agricolis.
751 2505 823 2568 Cato
845 2511 936 2569 omnis
957 2517 1060 2568 ventos
1082 2515 1113 2566 et

72 2597 108 2651 86
118 2588 238 2647 imbrem
253 2606 369 2667 quoqne
384 2593 413 2650 in
427 2599 486 2651 tota
501 2592 687 2652 translatione
699 2593 821 2652 damnat.
837 2591 873 2652 Et
886 2592 922 2651 ad
935 2591 1009 2652 haec
1024 2590 1111 2669 prod·

116 2673 171 2730 erit
191 2689 274 2748 qnam
296 2672 454 2751 plurumum
471 2683 566 2734 terrae
588 2677 616 2735 in
639 2694 694 2754 qua
710 2678 834 2736 vixerint
847 2676 992 2736 radicibus
1004 2673 1110 2734 cohae-

115 2773 182 2812 rere
196 2772 230 2813 ac
240 2762 316 2814 totas
330 2758 459 2834 caespite
469 2758 669 2837 circumligari,
684 2777 747 2818 cum
758 2758 796 2818 ob
808 2759 837 2818 id
848 2757 920 2819 Cato
933 2761 962 2818 in
972 2756 1109 2818 corbibus
1120 2776 1148 2817 aa

72 2854 75 2859 ·
115 2837 265 2897 transferri
280 2837 388 2918 iubeat,
405 2840 607 2917 proculdubio
623 2842 782 2901 utilissime.
811 2842 887 2902 idem
902 2858 1038 2902 summam
1051 2849 1110 2900 ter·

115 2939 175 2979 ram
196 2929 346 2981 contentus
369 2931 413 2982 est
437 2922 528 2984 subdi.
573 2923 693 2997 Quidam
720 2925 832 3003 punicis
858 2926 941 2985 malls
964 2923 1110 2984 substrato

115 3003 212 3080 lapide
227 3021 285 3063 non
300 3007 391 3082 rumpi
409 3021 524 3083 pomum
539 3007 567 3064 in
582 3007 732 3067 arboribus
747 3009 869 3068 tradunt.
899 3010 1013 3069 radices
1028 3006 1109 3066 inde·

114 3103 167 3144 xas
183 3088 250 3162 poni
266 3088 378 3146 melius.
409 3088 542 3149 arborem
556 3093 648 3169 ipsam
663 3093 701 3151 ita
716 3092 808 3152 locari
824 3101 854 3151 ut
867 3092 961 3152 media
973 3093 1010 3151 sit
1022 3092 1109 3150 totins

72 3168 229 3228 otscrobts
253 3173 460 3230 necessarium.
500 3171 586 3233 Ficus
609 3175 634 3234 si
660 3176 688 3233 in
711 3175 794 3235 scilla
813 3209 855 3220 -
874 3175 1028 3235 bulborum
1051 3174 1146 3236 bocas

114 3269 206 3329 genus
222 3261 323 3311 est-
338 3264 465 3332 seratur,
489 3258 624 3318 ocissime
644 3257 722 3318 ferre
738 3259 859 3319 traditur
875 3274 997 3336 pomum·
1012 3273 1107 3334 neque

114 3335 341 3396 vermiculationi
359 3338 529 3415 obnoxium,
546 3360 603 3419 quo
622 3343 691 3402 vitio
716 3350 815 3402 carent
837 3342 948 3419 reliqua
970 3357 1055 3421 poma
1070 3340 1107 3400 si-

114 3418 220 3478 militer
244 3428 314 3481 sata.
349 3422 476 3482 radicum
501 3427 562 3484 eius
583 3443 713 3502 magnam
735 3424 924 3485 adhibendam
945 3442 1058 3499 curam,
1079 3431 1109 3483 ut
