2422 3840
329 218 647 267 nsr.u1sr.xv1111.
664 215 691 269 4.
711 201 861 289 (tn-an.)
1045 205 1104 266 165

99 377 228 438 clamore
248 373 344 454 plebia
359 373 515 434 incusantis
530 371 606 452 apud
623 373 715 433 omnis
727 373 883 453 principes,
900 372 994 432 donec
1005 375 1103 433 remis·

100 479 160 521 sum
181 467 225 519 est
248 459 409 538 portorium
432 457 539 517 mercis
559 455 651 516 buius.
689 467 916 536 conpertumque
939 475 996 517 non
1020 458 1104 517 aliter

100 543 300 623 quaestuosius
316 559 433 601 censum
446 539 547 601 baberi
561 550 609 599 aut
619 541 709 601 tutius
718 559 753 600 ac
764 544 876 601 minore
887 541 1019 601 fortunae
1031 544 1102 601 iure.

100 645 164 687 cum
180 625 313 686 credatur
328 626 432 705 pensio
449 642 483 684 ea
499 641 666 702 pauperum.
697 623 742 683 lris
756 626 784 682 in
800 625 865 684 solo
879 642 1005 702 sponsor
1017 635 1062 684 est
1074 634 1102 684 et

75 711 152 771 nsub
174 709 220 770 dic
243 709 353 768 reditus
379 707 609 788 superficiesque
638 707 722 767 caelo
753 725 934 784 quocumque
961 709 1101 784 gaudens.

101 794 142 874 [3]
158 794 313 855 Hortorum
335 791 408 880 Cato
425 789 575 871 praedicat
594 790 694 851 caulis.
724 789 790 849 binc
812 792 932 868 primum
954 792 1144 867 agricolac57

98 876 286 938 aestimabant
298 877 397 954 prisci,
413 884 442 934 et
453 877 496 934 sic
509 875 602 935 statim
614 873 759 933 iaciebant
770 874 903 933 iudicium
915 891 1037 951 nequam
1056 893 1101 934 es-

98 980 131 1020 se
142 964 170 1021 in
183 961 269 1021 domo
282 969 400 1019 matrem
415 959 536 1020 familias
550 990 593 1004 —
605 958 708 1018 etenim
719 957 794 1018 baec
807 975 875 1017 cura
889 957 1011 1017 feminae
1025 958 1101 1017 dice·

99 1045 181 1120 batur
194 1079 237 1091 —-
259 1042 308 1103 ubi
328 1042 483 1120 indiligens
499 1051 578 1101 esset
600 1041 717 1118 hortus,
739 1043 846 1121 quippe
871 1059 888 1100 e
905 1043 1037 1101 carnario
1056 1050 1102 1102 aut

62 1128 222 1189 somaeello
244 1126 394 1187 vivendum
416 1145 493 1186 esse.
527 1143 583 1185 nec
601 1124 691 1186 caulis
712 1133 741 1183 ut
762 1143 836 1184 nunc
850 1143 980 1184 maxume
997 1125 1101 1203 proba-

98 1211 175 1288 bant,
192 1210 359 1271 damnantes
377 1211 566 1290 pulmentaria
590 1226 663 1286 quae
685 1217 808 1285 egerent
824 1209 882 1269 alio
899 1208 1101 1287 pulmentario.

97 1294 125 1354 id
141 1304 203 1355 erat
219 1295 286 1354 oleo
302 1312 437 1372 parcere,
454 1311 518 1353 narn
534 1295 598 1369 gari
619 1291 762 1352 desideria
786 1295 870 1352 etiam
891 1295 920 1351 in
940 1293 1101 1370 exprobra·

97 1381 177 1438 tionc
193 1387 283 1437 erant.
316 1376 392 1452 borti
414 1394 546 1436 maxume
561 1374 715 1453 placebant
732 1393 806 1454 quae
820 1394 878 1435 non
899 1386 1022 1452 egerent
1042 1377 1144 1453 ignit8

98 1470 312 1540 parcerentque
328 1460 426 1538 ligno,
443 1458 578 1537 expedita
592 1476 641 1517 res
659 1468 688 1517 et
703 1467 803 1536 parata
824 1477 955 1537 semper,
977 1459 1051 1519 unde
1074 1469 1103 1518 et

63 1546 224 1604 reacetaria
245 1543 442 1622 appellantur,
466 1542 562 1602 incilia
576 1542 721 1620 concoqui
737 1559 793 1601 nec
816 1552 967 1602 oneratura
987 1561 1102 1602 sensum

99 1627 182 1704 cibo,
207 1635 236 1686 et
256 1644 330 1704 quae
351 1629 473 1686 minume
494 1624 689 1686 accenderent
711 1623 882 1684 desiderium
904 1628 995 1703 panis.
1035 1644 1102 1705 pars

98 1728 197 1771 eorum
219 1709 254 1770 ad
274 1709 454 1770 condimenta
477 1710 626 1788 pertinens
648 1709 753 1768 latetur
774 1709 850 1769 domi
872 1728 1020 1770 versuram
1041 1711 1102 1770 lieri

99 1795 227 1869 solitam,
254 1803 339 1871 atque
359 1811 417 1853 non
438 1792 565 1852 Indicum
586 1793 672 1871 piper
694 1794 852 1870 quaesitum
870 1812 1002 1873 quaeque
1024 1802 1102 1853 trans

97 1880 185 1937 maria
202 1878 335 1956 petimus.
367 1879 420 1937 iam
439 1878 467 1936 in
481 1877 617 1936 fenestris
632 1877 691 1935 suis
707 1875 792 1954 plebs
805 1877 912 1938 urbana
929 1880 956 1936 in
977 1879 1144 1954 imaginent)

60 1975 87 2016 ao
97 1962 244 2022 hortorum
267 1962 409 2021 cotidiana
427 1961 520 2020 oculis
537 1978 603 2020 rura
624 1958 817 2039 praebebant,
841 1971 993 2039 antequam
1017 1980 1100 2040 prae·

97 2045 146 2121 igi
162 2054 336 2122 prospectus
352 2046 444 2104 omnis
458 2045 557 2121 coegit
570 2044 756 2105 multitudinis
770 2048 935 2106 innumerae
957 2063 1045 2106 saeva
1061 2046 1100 2106 la·

96 2129 259 2187 trocinatio.
292 2127 478 2204 quamobrem
495 2128 531 2185 sit
547 2127 651 2205 aliquis
668 2128 755 2188 ethis
769 2128 882 2205 honos,
902 2147 977 2188 neve
1002 2139 1100 2189 aucto·

96 2211 209 2269 ritatem
224 2209 312 2268 rebus
325 2210 421 2269 vilitas
437 2208 551 2286 adimat,
568 2227 631 2269 cum
647 2213 817 2288 praesertim
832 2215 915 2271 etiam
929 2215 1101 2288 cognomina

97 2310 250 2370 procerum
267 2291 410 2354 indenata
428 2292 585 2369 videamus,
600 2292 829 2371 Lactucinosque
845 2296 873 2353 in
888 2294 1006 2354 Valeria
1021 2295 1100 2354 lami·

60 2398 87 2438 aa
98 2376 135 2435 lia
152 2393 209 2435 non
225 2375 360 2454 puduisse
375 2376 531 2456 appellari,
556 2385 585 2435 et
600 2377 749 2452 contingat
764 2377 858 2456 aliqua
880 2379 972 2453 gratia
991 2395 1101 2456 operae

97 2477 242 2538 curaeque
256 2469 374 2521 nostrae
390 2459 523 2537 Vergilio
543 2477 658 2538 quoque
677 2460 814 2520 confesso
829 2479 912 2540 quam
929 2463 966 2520 sit
981 2461 1100 2520 difficile

96 2542 253 2602 verborum
271 2543 410 2603 bonorem
425 2552 482 2604 tam
501 2546 599 2621 parvis
615 2542 781 2622 perhibere.

162 2625 247 2704 (20.)
264 2626 373 2686 Hortos
390 2627 478 2687 villae
492 2625 654 2703 iungendos
668 2645 726 2686 non
746 2637 790 2686 est
811 2627 924 2690 dubium
942 2630 1143 2708 riguosquedo

98 2726 228 2769 maxume
243 2709 403 2786 habendos,
420 2711 445 2769 si
463 2711 630 2787 contingat,
650 2710 780 2789 praefluo
796 2730 894 2788 amne,
918 2715 1065 2790 siminus,
1083 2733 1100 2772 e

59 2818 86 2860 30
99 2801 185 2871 puteo
201 2800 263 2852 rota
279 2796 434 2869 organisve
451 2795 639 2871 pneumaticis
653 2793 700 2853 vel
719 2794 895 2855 tollenonum
908 2795 1010 2857 haustu
1023 2798 1098 2874 riga·

97 2886 154 2935 tos.
190 2874 282 2935 solum
300 2877 541 2954 proscindendum
563 2896 578 2937 a
599 2877 717 2938 laconio
742 2879 769 2936 iu
795 2889 954 2940 autumnum
976 2899 1098 2958 praepa·

95 2957 223 3018 rantibus
239 2968 307 3037 post
322 2973 402 3020 x1111
420 2961 481 3021 dies
499 2961 715 3041 iterandumque
730 2972 795 3022 ante
808 2963 944 3024 brumam.
977 2974 1045 3023 octo
1059 2966 1098 3024 iu·

95 3061 196 3120 gerum
212 3044 311 3120 operis
326 3043 416 3122 palari
432 3046 534 3104 iustum
547 3055 600 3121 est,
616 3046 708 3105 fimum
725 3048 775 3105 tris
790 3048 882 3125 pedes
895 3048 952 3108 alte
966 3066 1028 3107 cum
1042 3058 1098 3108 ter·

94 3144 126 3185 ra
141 3128 271 3202 misceri,
289 3127 365 3187 areis
381 3125 515 3203 distingui
530 3146 638 3207 easque
652 3131 795 3206 resupinis
812 3131 993 3209 pulvinorum
1016 3134 1098 3209 toris,

58 3231 85 3272 as
95 3209 195 3269 ambiri
218 3210 347 3286 singulas
371 3212 511 3270 tramitum
532 3211 622 3271 sulcis
642 3228 697 3289 qua
717 3209 800 3272 detur
828 3233 965 3275 accessus
992 3215 1098 3275 bomini

96 3292 296 3371 scatebrisque
315 3294 464 3354 decursus.

158 3377 242 3455 (21.)
265 3377 297 3436 ln
315 3378 407 3437 hortis
422 3379 598 3438 nascentium
613 3377 669 3438 alia
684 3377 772 3439 bulbo
787 3381 1104 3454 commendantur,alia

96 3459 206 3536 capite,
221 3459 278 3521 alia
295 3463 394 3541 caule,
417 3463 471 3523 alia
486 3462 574 3542 folio,
597 3461 656 3524 alia
672 3471 824 3542 utroque,
845 3457 1133 3528 mensunusum
