2422 3840
131 183 173 245 96
472 193 502 242 n.
518 194 614 240 curm
629 192 779 240 suenum

133 367 199 409 rura
220 349 377 421 haberent,
401 349 526 408 urbanae
549 364 639 421 vero,
663 348 691 405 in
714 363 786 423 quas
805 345 956 405 transferri
977 347 1133 423 ignominia

135 441 225 506 esset,
242 430 370 490 desidiae
382 432 500 508 probro.
525 433 620 508 itaque
634 439 768 507 quattuor
779 428 861 487 solae
873 437 955 487 erant
970 446 986 487 a
1001 430 1132 506 partibus

134 514 213 573 urbis
232 514 339 591 inquis
356 512 538 589 habitabant,
561 513 743 587 Saburram,
761 511 904 587 Palatina,
924 509 1055 587 Collina,
1073 511 1131 572 Ex·

135 598 252 675 quilina.
275 596 406 657 nundinis
421 598 522 657 urbem
538 596 727 655 revisitabant
742 604 771 654 et
786 595 853 654 ideo
871 596 986 654 comitia
1000 596 1132 656 nundinis

92 680 247 743 ornabere
271 697 328 739 non
352 679 476 756 licebat,
501 699 538 740 ne
562 679 675 757 plebes,
690 680 798 738 rustica
818 688 1000 737 avocaretur.
1042 678 1159 752 Quiess

134 780 309 842 somnusque
328 764 533 824 instrumentis
550 773 621 822 erat.
652 762 774 839 gloriam
793 761 916 840 denique
933 762 1024 839 ipsam
1042 779 1059 821 a
1074 764 1132 822 iar·

133 847 173 904 ris
196 846 308 906 bonore
329 845 460 906 adoream
473 845 669 926 appellabant.
699 844 831 922 equidem
848 845 912 921 ipsa
934 846 1020 903 etiam
1041 846 1133 905 verba

133 930 249 1007 priscae
266 929 484 1006 significationis
502 930 636 989 admiror,
665 930 703 988 ita
719 937 763 987 est
776 929 850 985 enirn
872 928 900 985 in
919 931 1133 988 commentariis

135 1014 314 1089 pontificum:
345 1010 504 1088 augurio
531 1013 681 1071 canario
712 1011 855 1086 agendo
882 1010 961 1070 dies
991 1013 1131 1071 consti·

136 1104 284 1153 tuantur
308 1095 522 1172 priusquam
550 1095 730 1153 frumenta
759 1094 909 1170 vaginis
941 1103 1080 1153 exeant
1102 1103 1166 1156 etro

135 1185 330 1254 antequam
350 1178 384 1235 in
405 1180 561 1253 vaginas
584 1177 816 1254 perveniant.

94 1271 127 1321 15
199 1261 262 1337 (4.)
281 1259 362 1336 Ergo
377 1260 421 1319 his
436 1261 563 1320 moribus
573 1276 630 1318 non
645 1260 731 1319 modo
747 1259 929 1318 sufficiebant
943 1260 1044 1337 fruges
1055 1261 1134 1321 nulla

135 1344 346 1420 provinciarum
362 1353 503 1420 pascente
516 1343 641 1417 ltaliam,
665 1360 765 1402 verum
784 1344 869 1401 etiam
892 1359 1022 1402 annonae
1036 1343 1132 1403 vilitas

133 1425 312 1484 incredibilis
330 1436 400 1485 erat.
431 1426 542 1486 Manius
554 1426 680 1486 lllarcius
696 1425 799 1484 aedilis
823 1425 918 1502 plebis
938 1428 1058 1502 orimum
1073 1426 1133 1485 iru-

134 1516 259 1567 mentum
277 1508 386 1587 populo
404 1511 433 1568 in
452 1511 565 1569 modios
586 1509 699 1568 assibus
716 1508 832 1568 detavit.
865 1507 896 1567 b.
917 1507 1051 1570 Minutius
1072 1508 1167 1573 alu-rs

134 1593 271 1667 gorinus,
295 1595 342 1670 qui
367 1594 418 1671 Sp.
433 1592 569 1653 Maelium
587 1601 774 1670 coarguerat,
798 1592 882 1651 farris
902 1594 1024 1671 pretium
1040 1595 1070 1652 in
1083 1595 1131 1653 tri·

135 1676 178 1732 nis
205 1675 336 1734 nundinis
357 1674 391 1734 ad
415 1695 511 1736 assem
536 1677 652 1752 redegit
677 1675 843 1734 undecimus
864 1674 963 1752 plebei
990 1676 1132 1752 tribunus,

135 1757 243 1834 quade
264 1775 352 1816 causa
372 1767 465 1818 statua
489 1761 516 1817 ei
542 1767 624 1817 extra
652 1766 765 1834 portam
790 1759 969 1833 trigeminam
990 1760 1132 1839 apopulo

93 1841 212 1916 lostipe
229 1840 343 1898 conlata
359 1849 463 1900 statuta
479 1851 533 1900 est.
574 1840 607 1900 Τ.
625 1842 710 1900 Seius
733 1842 762 1899 in
778 1840 924 1900 aedilitate
945 1842 1059 1902 assibus
1079 1860 1132 1921 po·

135 1921 205 1998 pulo
223 1921 392 1980 frumentum
415 1924 568 2000 praestitit,
587 1939 671 2000 quam
689 1922 727 1982 ob
751 1941 866 1983 eausam
887 1925 958 1984 etei
975 1934 1087 1986 statuae
1104 1927 1167 1988 into

136 2001 283 2080 Capitolio
305 2023 339 2064 ao
365 2005 473 2082 palatio
490 2007 603 2066 dicatae
627 2015 707 2080 sunt,
733 2007 797 2084 ipse
817 2024 953 2085 supremo
969 2008 1016 2068 die
1031 2009 1133 2088 populi

134 2087 242 2144 umeris
261 2096 392 2164 portatos
411 2090 439 2147 in
456 2107 559 2166 rogum
577 2097 630 2148 est.
666 2107 723 2167 quo
736 2108 836 2149 verum
851 2108 925 2150 anuo
938 2090 1032 2151 llater
1047 2092 1134 2152 deum

136 2168 258 2229 advecta
274 2169 394 2230 Romam
409 2183 469 2249 est,
493 2175 633 2233 maiorem¹
650 2191 684 2232 ea
706 2182 818 2233 aestate
839 2191 963 2233 messem
980 2192 1062 2252 quam
1082 2192 1132 2234 an·

94 2259 126 2314 17
139 2253 339 2313 tecedentibus
367 2257 448 2314 annis
473 2258 574 2317 decem
599 2256 703 2316 iactam
726 2274 793 2315 esse
812 2257 935 2316 tradunt.
977 2257 1016 2317 bl.
1037 2257 1133 2318 Varro

135 2345 237 2395 auctor
255 2346 316 2413 est,
339 2338 446 2398 cumb.
463 2338 599 2400 llletellns
614 2341 641 2397 in
656 2339 799 2415 triumpho
814 2339 962 2417 plurumos
977 2340 1057 2400 duxit
1072 2341 1168 2400 ele-as

134 2418 275 2496 phantos,
308 2421 421 2480 assibus
452 2423 573 2498 singulis
599 2422 683 2481 farris
706 2422 818 2480 modios
844 2423 951 2498 luisse,
985 2425 1054 2484 item
1075 2425 1135 2484 vini

136 2504 258 2577 congios
282 2503 387 2580 licique
414 2504 511 2564 siccae
535 2504 632 2583 pondo
655 2518 744 2579 xxx,
772 2504 832 2564 olei
851 2507 949 2582 pondo
970 2521 1010 2582 x,
1037 2509 1133 2567 caruis

136 2583 233 2660 pondo
249 2598 309 2643 ΧΠ.
340 2604 428 2646 nece
448 2586 605 2646 latifundiis
625 2587 802 2662 singulorum
823 2589 1010 2666 contingebat
1030 2608 1133 2651 arcen-

135 2666 202 2724 tium
226 2669 355 2744 vicinos,
395 2671 502 2748 quippe
534 2672 618 2729 ctiam
648 2671 715 2747 lege
742 2670 872 2730 Stolonis
900 2672 989 2732 Licini
1018 2674 1133 2734 incluso

134 2749 220 2808 modo
238 2750 458 2827 quingentorum
473 2755 602 2829 iugerum
619 2762 648 2812 et
665 2755 729 2829 ipso
746 2771 797 2813 sua
813 2754 880 2832 lege
897 2756 1040 2830 damnato,
1069 2773 1168 2817 cumea

92 2838 126 2893 18
137 2831 288 2891 substituta
310 2833 349 2892 lili
367 2852 492 2911 persona
513 2836 636 2912 amplius
649 2836 833 2912 ¹possideret.
870 2838 1051 2899 Luxuriantis
1075 2843 1133 2901 iam

134 2916 179 2973 rei
206 2915 340 2992 publicae
372 2917 425 2975 init
455 2919 509 2976 ista
543 2935 686 2977 mensura.
728 2918 803 2978 llani
829 2922 944 3000 quidem
971 2920 1039 2981 Curi
1064 2933 1134 3000 post

134 2998 293 3076 triumphos
308 3001 523 3078 inmensumque
538 3010 678 3060 terrarum
692 3003 834 3063 adiectum
848 3006 971 3082 imperio
985 3015 1132 3066 actaeon·

135 3080 181 3137 cio
208 3090 253 3139 est
273 3085 468 3159 perniciosum
493 3084 624 3162 intellegi
641 3087 732 3145 civem
748 3089 794 3149 cui
815 3097 927 3165 septem
949 3090 1051 3167 iugera
1073 3106 1134 3149 non

134 3171 233 3220 essent
248 3167 329 3224 satis.
363 3166 436 3226 haec
450 3176 544 3226 antem
563 3186 696 3229 mensura
711 3169 808 3248 plebei
822 3181 889 3249 post
905 3181 1026 3232 exactos
1040 3191 1168 3250 regesne

91 3253 124 3307 19
135 3245 284 3327 adsignata
307 3258 361 3308 est.
395 3249 545 3322 Quaenam
566 3270 638 3329 ergo
660 3261 755 3313 tantae
775 3253 915 3313 ubertatis
938 3273 1024 3315 causa
1045 3255 1132 3317 erat?

132 3329 260 3407 ipsorum
281 3340 348 3392 tnnc
368 3334 497 3393 manibus
515 3336 718 3413 imperatorum
735 3337 905 3397 colebantur
925 3340 1003 3414 agri,
1030 3348 1062 3398 ut
1086 3339 1133 3400 las

133 3422 178 3472 est
194 3414 333 3492 credere,
362 3417 507 3494 gaudente
527 3427 605 3479 terra
629 3436 749 3478 vomere
768 3419 898 3481 laureato
918 3430 947 3481 et
965 3423 1134 3501 triumphali
