2422 3840
368 205 447 253 uun.
462 205 552 254 uror.
567 207 653 254 uun.
670 204 713 256 aa.
733 189 806 277 (35.)
1060 196 1099 257 79

101 369 231 420 exortum
254 369 283 419 et
304 361 384 421 canis
405 369 497 419 ortum
518 369 547 420 et
568 362 754 437 nigrescente
776 361 869 421 acino.
906 361 1019 440 quidam
1041 364 1078 422 ita
1091 373 1143 428 189

100 444 305 504 determinant:
337 452 469 504 veterem
490 443 583 503 semel
599 462 616 504 a
631 445 772 504 vindemia
788 455 854 505 ante
871 445 1013 520 brumam,
1037 464 1100 505 cunr

100 528 148 586 alii
171 526 344 605 ablaqueare
365 536 395 587 et
414 535 581 588 stercorare
597 529 666 587 satis
683 537 800 606 putent,
825 531 927 589 iterum
949 529 984 590 ab
1005 529 1098 590 idibus

100 610 222 688 Aprilis,
239 620 392 690 antequam
409 612 552 689 concipit,
570 611 628 671 boc
644 621 690 671 est
705 613 733 671 in
747 625 793 671 vu.
813 612 875 672 idus
899 612 998 673 Maias.
1033 613 1099 673 dein

76 695 179 771 spriur
195 712 278 773 quam
293 696 401 755 llorere
417 695 535 772 incipiat
550 704 581 754 et
597 712 660 754 cum
683 695 852 755 defloruerit
875 705 905 754 et
920 698 1048 756 variante
1065 715 1098 756 se

99 795 164 837 uva.
195 780 349 856 peritiores
365 778 525 853 adfirmant,
542 780 566 837 si
578 779 654 838 iusto
670 780 787 856 saepius
800 778 936 853 fodiatur,
952 781 1098 838 intantum

98 870 289 921 tenerescere
303 862 403 920 acinos
415 871 445 921 ut
457 871 631 940 rumpantur.
658 879 731 941 quae
744 862 889 922 fodiantur
903 871 969 921 ante
983 861 1097 921 ferven·

99 946 135 1003 tis
152 944 239 1004 horas
257 945 314 1005 diei
339 945 492 1006 fodiendas
511 948 662 1021 convenit,
687 947 771 1005 sicuti
793 945 881 1006 lutum
902 963 997 1024 neque
1014 963 1097 1006 arare

99 1046 194 1106 neque
209 1028 330 1103 fodere,
349 1029 481 1089 fossione
497 1030 647 1107 pulverem
662 1032 818 1089 excitatum
835 1039 935 1090 eontra
950 1029 1030 1090 soles
1047 1047 1096 1089 ne·

64 1111 241 1190 tabulasque
255 1113 409 1191 prodesse.
442 1113 499 1192 [18]
523 1113 700 1192 Pampinatio
722 1131 811 1174 verna
830 1115 858 1172 in
879 1113 1016 1173 confesso
1034 1122 1078 1172 est
1088 1123 1142 1178 190

99 1195 134 1254 ab
154 1195 247 1256 idibus
265 1195 358 1272 lllaiis,
373 1198 447 1257 iutra
463 1197 526 1256 dies
546 1213 580 1272 x,
603 1199 703 1277 utique
721 1206 874 1278 autequam
897 1197 1006 1257 llorere
1026 1198 1095 1257 inoi·

98 1281 173 1358 piat,
197 1289 226 1339 et
248 1299 311 1341 earn
330 1281 405 1340 infra
420 1283 515 1357 iugum
532 1282 643 1340 debere
665 1281 738 1340 fieri.
773 1283 809 1341 de
826 1291 967 1360 sequente
985 1282 1096 1341 variant

98 1365 270 1424 sententiae.
302 1383 365 1424 cum
381 1364 549 1424 defloruerit
557 1384 571 1439 ,·
582 1364 670 1442 aliqui
686 1365 906 1442 pampinandum
921 1373 1031 1443 putant,
1048 1365 1097 1424 alii

98 1446 151 1505 sub
171 1448 235 1525 ipsa
250 1449 422 1507 maturitate.
448 1448 501 1506 sed
513 1448 550 1506 de
561 1447 606 1506 bis
619 1445 736 1506 Catonis
752 1457 911 1524 praecepta
927 1448 1094 1507 decernent.

62 1549 87 1589 ιι
97 1548 220 1607 namque
234 1540 264 1589 et
276 1532 451 1609 putationum
465 1530 604 1589 tradenda
616 1531 689 1588 ratio
704 1539 757 1588 est.
787 1530 844 1608 [19]
859 1531 991 1590 Protinus
1006 1532 1080 1590 hano
1088 1541 1135 1595 191

98 1631 113 1672 a
128 1613 281 1688 vindemia,
297 1611 347 1672 ubi
362 1613 437 1673 caeli
447 1622 533 1691 tepor
546 1613 687 1690 indulget,
699 1612 874 1672 adoriuntur.
897 1613 950 1672 sed
962 1614 1019 1673 hoc
1033 1614 1095 1672 fieri

97 1713 248 1775 numquam
264 1696 354 1756 debet
368 1698 480 1757 ratione
497 1707 616 1757 naturae
631 1705 698 1757 ante
715 1705 848 1757 exortum
866 1697 997 1776 aquilae,
1019 1706 1050 1757 ut
1067 1699 1095 1756 in

96 1781 223 1840 siderum
239 1781 334 1840 causis
350 1780 518 1841 docebimus
533 1798 674 1859 proxumo
695 1779 856 1856 volumine,
880 1783 963 1840 immo
985 1799 1056 1841 vero
1069 1807 1137 1847 rasas

96 1864 230 1941 favonio,
256 1866 389 1943 quoniam
408 1882 517 1942 anceps
539 1865 624 1942 culpa
648 1866 685 1924 sit
698 1880 917 1942 praeproperae
934 1864 1094 1924 festinatio·

60 1949 149 2007 conis.
193 1949 224 2008 Si
251 1950 366 2009 sancias
392 1949 503 2008 recenti
520 1947 662 2008 medicina
683 1949 814 2009 mordeat
831 1949 971 2026 quaedam
992 1949 1093 2008 hiemis

96 2033 256 2108 ruminatio,
275 2041 384 2093 certum
399 2042 444 2091 est
452 2049 580 2107 gemmas
597 2050 694 2092 earum
709 2033 820 2110 frigore
831 2031 963 2092 hebetari
977 2033 1093 2110 plagas·

97 2132 152 2192 que
169 2115 236 2174 findi
253 2125 283 2174 et
300 2115 374 2174 caeli
390 2115 459 2173 vitio
478 2116 560 2174 exuri
576 2116 679 2175 oculos
696 2116 813 2176 lacrima
828 2115 1002 2176 destillante.
1030 2135 1094 2175 narn

19 2235 25 2242 -
95 2199 165 2274 gelu
187 2197 300 2274 fragilis
323 2198 386 2256 lieri
407 2198 471 2274 quis
493 2195 607 2256 nescit?
645 2197 805 2275 Operarum
826 2200 882 2259 ista
903 2203 1070 2278 conputatio
1087 2210 1137 2264 192

97 2281 185 2339 estin
202 2281 368 2355 latifundiis,
386 2296 443 2338 non
459 2280 586 2356 legitima
602 2289 719 2339 naturae
736 2282 893 2341 festinatio.
924 2300 981 2359 quo
1004 2293 1092 2341 matu·

59 2365 154 2425 rarius
181 2373 316 2442 putantur
336 2365 410 2443 aptis
437 2363 557 2440 diebus,
581 2381 617 2423 eo
640 2364 705 2441 plus
720 2365 858 2423 materiae
881 2365 1015 2441 fundunt,
1035 2384 1092 2443 quo

95 2450 199 2528 serius,
216 2465 252 2508 eo
268 2448 392 2508 fructum
408 2448 583 2507 uberiorem.
614 2465 704 2526 quare
719 2465 830 2506 macras
844 2449 923 2525 prius
940 2450 1094 2508 conueniat

95 2540 207 2610 putare.
232 2532 344 2592 validas
359 2533 524 2591 novissime.
552 2531 669 2609 plagam
684 2548 795 2590 onmem
812 2531 957 2609 obliquam
974 2533 1046 2608 lieri,
1062 2542 1093 2591 ut

95 2615 182 2674 facile
199 2616 334 2675 decidant
351 2615 470 2691 imbres,
487 2624 516 2674 et
533 2615 568 2674 ad
583 2624 688 2674 terram
702 2615 777 2673 verti
793 2632 876 2692 quam
889 2616 1033 2675 levissima
1053 2619 1091 2676 ci·

96 2698 205 2757 catrice
222 2700 285 2757 acie
301 2699 385 2758 falcis
407 2708 510 2758 exacta
527 2698 673 2776 plagaque
697 2697 865 2777 conlevata,
883 2700 975 2759 recidi
997 2710 1091 2759 autem

59 2805 85 2846 ιο
96 2798 215 2858 semper
230 2783 304 2841 iuter
320 2781 390 2842 duas
404 2800 549 2859 gemmas,
576 2801 612 2842 ne
638 2784 675 2841 sit
702 2782 805 2841 volnus
833 2782 926 2842 oculis
947 2784 975 2841 in
996 2786 1091 2843 recisa

93 2874 187 2943 parte.
217 2865 328 2941 nigram
345 2884 412 2926 esse
429 2885 491 2926 eam
509 2867 671 2926 existimant
687 2875 716 2926 et
733 2867 827 2926 donec
842 2866 878 2925 ad
891 2869 1005 2926 sincera
1020 2876 1069 2925 ie·
1084 2876 1135 2930 193

94 2949 187 3007 niatur
217 2949 418 3024 recidendam,
446 2951 617 3026 quoniame
643 2951 749 3010 vitioso
780 2952 901 3010 materia
931 2951 1008 3009 utilis
1035 2967 1092 3009 non

94 3041 190 3092 exeat.
219 3034 244 3092 si
258 3050 355 3092 macra
369 3033 435 3091 vitis
447 3033 569 3093 idoneos
583 3035 716 3112 palmites
733 3052 789 3094 non
804 3034 919 3108 habeat,
934 3034 969 3094 ad
986 3043 1090 3093 terram

94 3115 185 3176 recidi
201 3135 265 3176 eam
281 3133 433 3195 novosque
450 3116 517 3175 elici
531 3116 719 3177 utilissimum.
753 3119 781 3176 in
804 3119 1018 3196 pampinatione
1034 3135 1090 3177 non

58 3200 148 3260 athos
170 3200 325 3260 detrahere
347 3201 498 3279 pampinos
519 3202 567 3278 qui
589 3219 650 3260 eum
673 3219 729 3261 uva
750 3203 821 3276 sint,
844 3202 872 3260 id
895 3205 999 3261 etenim
1020 3221 1090 3261 uvas

95 3284 260 3363 supplantat
275 3294 479 3363 praeterquam
495 3283 524 3342 in
537 3284 654 3343 novella
671 3285 765 3344 vinea.
798 3285 914 3344 inutiles
932 3287 1091 3346 iudicantur

94 3370 123 3424 in
139 3367 230 3427 latere
245 3371 313 3444 nati,
329 3386 386 3428 non
402 3368 438 3428 ab
455 3367 553 3442 oculo,
571 3369 679 3446 quippe
698 3371 782 3429 etiam
797 3387 852 3428 uua
869 3386 943 3446 quae
957 3376 1092 3426 nascatur

93 3466 110 3508 e
128 3449 199 3510 duro
214 3453 399 3530 rigescente,
422 3460 452 3511 ut
473 3453 527 3511 nisi
548 3452 628 3510 ferro
646 3451 757 3511 detrahi
774 3468 834 3510 non
846 3453 956 3527 possit.
981 3450 1153 3504 treta-xa&
