2422 3840
341 193 422 241 nur.
439 193 530 242 uror.
547 193 618 240 xvr.
638 189 758 243 ιιι-43.
781 177 932 264 (tc-ct.)
1087 183 1125 242 41

136 346 315 424 spectabilis,
331 347 676 423 ramentorumcrinibus,
693 349 856 426 pampinato
873 365 989 426 semper
1008 348 1081 407 orbe
1095 367 1128 409 se

135 429 258 489 volvens
277 430 313 490 ad
337 431 470 491 incitatos
502 433 639 492 runcinae
666 441 774 509 raptus.
815 432 916 492 eadem
944 440 973 490 et
999 431 1129 490 curribus

133 531 265 656 quume
291 514 438 574 sociabilis
459 514 570 591 glutino
600 516 628 574 in
654 524 760 574 tantum
784 525 815 574 ut
841 515 963 576 findatur
985 524 1050 573 ante
1074 532 1128 593 qua

135 614 168 655 so
181 596 226 656 ida
243 605 296 657 est.

107 693 121 733 t
193 680 243 741 43.
266 678 351 759 (83.)
373 680 477 758 llagna
491 690 586 742 autem
602 690 630 741 et
645 681 745 758 glutini
760 684 833 742 ratio
849 691 971 760 propter
987 700 1022 741 ea
1034 699 1108 758 quae
1120 691 1175 746 226

133 763 285 824 sectilibus
303 765 404 824 lamnis
418 783 453 825 ac
468 767 497 824 in
512 765 570 824 alio
586 783 696 842 genere
709 767 886 843 operiuntur.
917 765 1083 824 stamineam
1101 767 1129 824 in

133 847 190 907 hoc
220 866 273 907 usu
305 848 429 926 probant
459 866 576 923 venam,
607 858 637 908 et
660 858 767 908 vocant
790 849 932 909 feruleam
958 857 1128 925 argumento

133 931 339 1007 similitudinis,
359 935 491 1010 quoniam
514 933 650 994 lacunosa
672 941 726 992 est.
764 934 859 1012 crispa
874 934 902 992 in
921 932 996 993 omni
1017 948 1129 1008 genere

133 1015 270 1092 glutinum
288 1015 430 1076 abdicant.
463 1016 602 1095 quaedam
619 1026 649 1076 et
663 1017 738 1076 inter
753 1035 786 1076 se
802 1027 909 1077 etcum
925 1016 989 1076 aliis
1004 1016 1127 1075 insocia-

98 1099 201 1158 1obilia
217 1098 339 1176 glutino,
357 1101 432 1159 sicut
446 1100 546 1175 robur,
563 1118 619 1159 uec
636 1101 700 1159 fere
720 1100 878 1161 cohaerent
892 1101 947 1160 nisi
964 1100 1065 1158 similia
1080 1116 1128 1159 ua-

132 1192 210 1259 tura,
231 1191 261 1242 ut
282 1183 307 1242 si
323 1184 386 1260 quis
402 1183 527 1261 lapidem
548 1183 713 1261 lignumque
739 1185 894 1262 coniungit.
931 1200 1048 1243 cornum
1070 1200 1128 1242 ma·

132 1284 217 1326 xume
234 1266 294 1325 odit
305 1266 420 1341 sorbus,
439 1268 583 1344 carpinus,
596 1267 700 1342 buxus,
716 1277 819 1345 postea
834 1269 903 1329 tilia.
933 1265 1110 1343 Cuicumque
1119 1275 1174 1329 227

133 1350 216 1427 operi
236 1350 332 1409 facilia
353 1350 461 1410 flexilia
483 1352 577 1410 omnia
599 1369 673 1429 quae
691 1351 768 1411 lenta
787 1351 924 1427 diximus,
947 1359 1124 1428 praeterque
1136 1375 1175 1408 m

131 1450 228 1492 morus
239 1442 267 1492 et
283 1433 446 1511 caprificus.
478 1433 611 1493 forabilia
628 1451 663 1493 ac
679 1435 791 1494 sectilia
805 1453 880 1512 quae
895 1434 1008 1494 modice
1022 1432 1126 1492 umida.

97 1532 121 1573 ιι
132 1517 211 1577 arida
230 1518 304 1575 enim
319 1516 402 1575 latius
416 1533 499 1594 quam
515 1526 594 1576 teras
610 1515 773 1593 cedunt,**
788 1518 890 1577 viridia
905 1525 1023 1595 praeter
1039 1515 1129 1575 robur

132 1610 161 1660 et
182 1599 288 1659 buxum
314 1600 490 1677 pertinacius
511 1601 649 1661 resistunt
671 1617 875 1677 serrarumque
897 1601 991 1659 dentis
1013 1599 1129 1676 replent

131 1683 306 1761 aequalitate
325 1684 425 1760 inerti,
444 1701 500 1762 qua
516 1683 553 1743 de
571 1700 658 1744 causa
674 1683 786 1744 alterna
802 1684 986 1745 inclinatione
1006 1691 1128 1757 egerunt

131 1767 262 1827 scobem.

196 1848 278 1934 (84.)
300 1846 562 1912 oboedientissima
584 1870 766 1930 quocumque
793 1852 821 1911 in
849 1869 940 1930 opere
967 1848 1106 1922 fraxinus,
1118 1858 1175 1911 228

95 1949 122 1991 ao
132 1934 291 2013 eademque
306 1934 396 1994 bastis
412 1935 513 2010 corylo
528 1936 647 2012 melior,
664 1953 753 1997 cornu
770 1935 880 2012 levior,
905 1933 994 1995 sorbo
1010 1933 1125 2007 lentior,

132 2016 244 2079 Gallica
256 2036 327 2078 vero
338 2021 422 2079 etiam
433 2019 468 2079 ad
485 2038 584 2079 currus
597 2019 717 2080 dexibili
729 2021 799 2078 vite.
822 2019 1015 2080 aemularetur
1023 2017 1126 2091 ulmus,

131 2103 159 2160 ni
176 2102 288 2179 pondus
300 2113 380 2162 esset
389 2104 417 2160 in
429 2102 524 2179 culpa.
545 2102 652 2162 Facilis
667 2112 696 2162 et
710 2101 805 2179 fagus,
818 2120 987 2181 quamquam
999 2101 1173 2178 fragilisbbii

131 2194 161 2244 et
176 2195 286 2244 tenera.
318 2185 419 2244 eadem
437 2185 587 2245 sectilibus
603 2186 702 2246 lamnis
718 2187 746 2243 in
760 2189 836 2245 tenui
852 2187 957 2246 flexilis
971 2187 1126 2263 capsisque

131 2285 166 2328 ac
181 2267 294 2327 scriniis
309 2268 373 2351 sola
396 2268 483 2327 utilis.
516 2270 638 2328 Secatur
657 2269 685 2326 in
705 2267 813 2328 lamnas
829 2269 996 2347 praetenuis
1012 2276 1041 2326 et
1055 2267 1126 2341 ilex,

95 2369 121 2408 as
133 2351 234 2412 colore
246 2368 361 2432 quoque
377 2370 433 2411 non
448 2353 571 2428 ingrata,
585 2350 637 2412 sed
648 2369 779 2411 maxume
792 2352 847 2411 iida
857 2354 975 2429 iisquae
987 2358 1125 2424 terantur,

132 2445 163 2495 ut
177 2444 303 2496 rotarum
320 2436 432 2513 axibus,
448 2436 484 2496 ad
501 2452 574 2514 quos
587 2436 700 2496 lentore
715 2435 842 2495 fraxinos
861 2437 935 2495 sicut
951 2434 1052 2493 duritia
1067 2432 1126 2491 ilex

132 2529 161 2580 et
177 2530 300 2598 utroque
316 2521 423 2599 legitur
440 2521 541 2581 ulmus.
566 2521 637 2580 Sunt
651 2536 722 2579 vero
738 2529 767 2579 et
781 2521 862 2598 parvi
884 2536 953 2577 usus
968 2516 1170 2578 fabritianum

130 2605 352 2664 ministeriorum
363 2606 502 2682 insignes,
514 2604 640 2682 ideoque
658 2603 800 2681 proditum
817 2601 942 2663 terebris
957 2601 1076 2678 vaginas
1090 2618 1127 2659 ex

131 2686 270 2762 oleastro,
280 2687 369 2763 buxo,
382 2687 461 2764 ilice,
473 2688 562 2763 ulmo,
580 2688 694 2748 fraxino
708 2687 873 2747 utilissimas
889 2687 962 2761 lieri,
975 2704 1012 2744 ex
1024 2685 1125 2745 iisdem

95 2790 121 2831 ao
129 2769 270 2844 malleos,
288 2771 471 2849 maioresque
495 2790 511 2831 e
526 2772 593 2850 pinu
610 2781 639 2830 et
653 2771 729 2832 ilice.
765 2770 802 2830 Et
817 2771 861 2830 bis
877 2780 970 2831 autem
985 2771 1076 2829 maior
1090 2769 1126 2828 ad

130 2853 290 2912 firmitatem
299 2871 385 2913 causa
395 2857 585 2933 tempestivae
595 2873 735 2915 caesurae
745 2873 829 2933 quam
840 2856 1008 2927 inmaturae,
1017 2854 1125 2930 quippe

131 2956 194 2997 oum
210 2955 246 2996 ex
261 2937 338 3013 olea,
354 2937 505 2997 durissimo
524 2939 619 3016 ligno,
643 2939 775 2999 cardines
792 2940 821 2998 iu
837 2938 947 2998 foribus
967 2937 1070 2997 dlutius
1085 2936 1126 2994 in-

129 3022 199 3080 moti
224 3020 341 3098 plautae
363 3020 448 3081 modo
469 3023 700 3098 germinaverint.
743 3019 816 3082 (lato
842 3024 936 3082 vectis
957 3019 1125 3098 aquifolios,

133 3104 266 3181 laureos,
288 3104 400 3164 ulmeos
415 3105 478 3165 lieri
499 3105 592 3181 iubet,
609 3105 739 3183 Hyginus
759 3104 906 3165 manubria
927 3105 1042 3164 rusticis
1064 3122 1125 3165 car-

94 3190 224 3266 aspinea,
242 3189 341 3268 iligna,
358 3205 469 3248 cerrea.
501 3188 583 3261 Quae
598 3189 626 3247 in
647 3189 755 3249 lamnas
774 3198 909 3249 secantur
925 3206 1104 3266 quorumque
1115 3195 1167 3248 231

130 3273 310 3348 operimento
334 3273 475 3332 vestiatur
495 3270 551 3332 alia
574 3273 726 3348 materies,
749 3274 906 3351 praecipua
929 3281 992 3332 snut
1014 3274 1124 3346 citrum,

129 3354 323 3431 terebinthus,
340 3357 435 3416 aceris
448 3373 574 3433 genera,
591 3355 712 3431 buxum,
729 3355 838 3433 palma,
855 3355 1040 3433 aquifolium,
1054 3354 1127 3427 ilex,

128 3437 228 3498 sabuci
245 3439 336 3515 radix,
352 3440 487 3518 populus.
519 3440 567 3524 dat
584 3448 613 3499 ct
626 3438 722 3516 alnus,
738 3447 771 3499 ut
785 3437 899 3499 dictum
913 3437 1077 3509 cummim
1091 3448 1144 3486 se·
1155 3449 1185 3477 ss
