2422 3840
132 183 189 244 148
474 192 504 240 c.
520 190 784 240 euruusscuunr

129 349 257 428 possint:
289 348 423 426 quotiens
445 346 481 406 ab
504 346 657 405 occidente
680 344 746 404 sole
770 353 905 404 cernetur
928 341 1137 422 prioribusque

129 432 224 492 noctis
238 432 318 492 boris
333 430 459 506 lucebit,
482 447 621 489 crescens
637 430 692 488 erit
708 438 738 488 et
753 428 847 488 oculis
865 428 1010 488 dimidiata
1024 427 1136 487 iudica·

131 515 225 592 bitur,
249 533 312 574 cum
334 531 406 574 vero
425 513 578 573 occidente
599 513 664 572 sole
685 512 795 571 orietur
816 529 855 570 ex
877 511 1020 586 adverso,
1043 511 1083 570 ita
1104 520 1138 570 ut

129 600 239 678 pariter
253 599 467 676 adspiciantur,
487 605 546 656 tum
567 597 621 655 erit
636 595 833 675 plenilunium.
867 596 1002 671 quotiens
1018 593 1054 654 ab
1069 603 1138 654 ortu

129 682 201 742 solis
216 683 327 742 orietur
345 681 549 760 prioribusque
570 682 665 747 noctis
686 679 766 738 boris
783 677 916 739 detrahet
934 677 1031 738 lumen
1055 686 1084 737 et
1106 679 1161 737 ins

129 766 244 825 diurnas
261 766 411 841 extendet,
420 765 603 824 'decrescens
617 764 672 822 erit
687 764 849 840 iterumque
861 761 991 836 dimidia,
1011 761 1040 819 iu
1055 762 1137 821 coitu

86 860 228 925 324vero,
245 850 324 928 quod
339 848 520 907 interlunium
532 855 648 922 vocant,
663 864 726 906 cum
738 846 880 924 adparere
892 845 1021 905 desierit.
1045 862 1137 923 supra

130 943 222 993 terras
238 944 332 992 autem
351 935 405 990 erit
419 931 552 1009 quamdiu
569 940 598 989 et
613 931 659 990 sol
673 930 829 990 interlunio
846 938 875 987 et
889 930 979 1006 prime
994 937 1055 988 tota
1074 928 1136 1005 die,

129 1016 256 1075 secunda
274 1017 364 1076 borae
379 1015 473 1073 noctis
489 1015 571 1073 unius
588 1014 724 1073 dextante
742 1013 872 1086 sicilico,
897 1030 932 1071 ac
952 1012 1056 1072 deinde
1074 1021 1136 1071 ter·

128 1101 166 1158 tia
191 1106 222 1167 et
244 1116 337 1176 nsque
361 1111 418 1157 xv.
435 1097 632 1175 multiplicatis
654 1097 787 1157 horarum
814 1095 918 1155 iisdem
939 1095 1135 1174 portionibus.
1147 1113 1172 1154 ro

128 1194 185 1240 xv.
201 1189 262 1239 tota
277 1198 365 1259 supra
379 1190 473 1240 terras
489 1189 576 1239 noctu
589 1181 643 1239 erit
659 1179 818 1258 eademque
832 1178 884 1239 sub
899 1181 985 1239 terris
997 1188 1059 1238 tota
1075 1180 1135 1240 die.

86 1275 218 1329 325xv1.
243 1264 405 1343 adprimae
425 1265 515 1324 horae
537 1274 695 1323 nocturnae
720 1264 885 1323 dextantem
909 1263 1050 1322 sicilicum
1079 1263 1136 1323 sub

127 1357 205 1406 terra
221 1358 305 1427 aget,
336 1350 514 1427 easdemque
530 1349 681 1426 portiones
695 1346 831 1407 horamm
847 1365 901 1425 per
921 1347 1053 1425 singulos
1070 1346 1136 1407 dies

129 1431 235 1490 adiciet
252 1450 345 1510 usque
372 1433 407 1492 ad
433 1432 632 1508 interlunium,
666 1440 696 1490 et
715 1439 850 1508 quantum
876 1431 976 1509 primis
1001 1431 1136 1509 partibus

127 1517 221 1574 noctis
242 1515 417 1590 detraxerit,
439 1515 516 1594 quod
540 1516 591 1574 sub
615 1517 701 1574 terris
718 1525 801 1591 agat,
823 1514 988 1575 tantundem
1009 1515 1172 1575 novissi-us

127 1600 180 1658 mis
197 1617 235 1658 ex
253 1599 299 1658 die
324 1601 431 1660 adiciet
455 1616 542 1677 supra
566 1608 682 1658 terram.
719 1599 839 1658 alternis
865 1607 960 1657 autem
984 1596 1135 1658 mensibus

127 1696 201 1742 xxx
214 1683 338 1760 inplebit
354 1700 498 1756 numeros,
514 1682 633 1742 alteruis
646 1700 719 1743 vero
738 1681 871 1741 detrahet
884 1681 1025 1758 singulos.
1051 1680 1135 1742 Haec

129 1768 182 1824 erit
198 1769 270 1825 ratio
286 1766 403 1825 lunaris.
433 1775 583 1825 ventorum
596 1766 682 1844 paulo
699 1765 907 1844 scrupulosior.

85 1859 136 1912 326
200 1849 249 1910 33.
273 1849 357 1928 (76.)
384 1847 547 1908 Observato
573 1848 646 1908 solis
671 1858 735 1908 ortu
763 1865 945 1926 quocumque
970 1849 1017 1908 die
1041 1847 1136 1909 libeat

128 1931 267 1992 stantibus
283 1934 354 1991 hora
371 1932 428 1992 diei
444 1940 526 1991 sexta
543 1933 585 1990 sic
606 1941 635 1990 ut
658 1941 751 1992 ortum
767 1950 831 1990 eum
856 1951 872 1992 a
888 1934 1004 1992 sinistro
1030 1949 1134 1992 umero
1144 1958 1171 1998 20

128 2015 263 2090 habeant,
288 2024 388 2074 contra
403 2015 526 2074 mediam
543 2014 647 2075 faciem
660 2016 798 2076 meridies
812 2025 842 2075 et
855 2033 871 2076 a
883 2018 995 2077 vertice
1013 2025 1134 2093 septen·

127 2099 183 2157 trio
201 2099 265 2157 erit.
299 2100 347 2175 qui
362 2101 401 2158 ita
420 2098 503 2159 limes
528 2117 582 2177 per
609 2116 709 2176 agrum
731 2101 820 2159 currit
839 2100 927 2160 cardo
954 2098 1133 2179 appellatur.

128 2183 285 2258 circumagi
300 2183 404 2242 deiude
419 2183 521 2242 melius
544 2192 606 2258 est,
628 2193 658 2243 ut
679 2182 807 2243 umbram
829 2202 908 2243 suam
928 2185 1051 2262 quisque
1067 2201 1133 2242 cer·

85 2274 206 2342 327nat,
235 2267 362 2344 alioquin
377 2277 445 2345 post
459 2267 603 2327 bominem
618 2269 682 2327 erit.
703 2285 776 2343 ergo
796 2268 964 2345 permutatis
979 2265 1132 2343 lateribus,

128 2359 158 2409 nt
173 2359 253 2410 ortus
278 2350 355 2411 illius
378 2351 435 2410 diei
452 2370 468 2411 a
485 2350 589 2410 dextro
609 2368 710 2410 umero
730 2351 794 2426 liat,
816 2367 940 2410 occasus
962 2368 979 2410 a
1000 2351 1131 2425 sinistro,
1143 2377 1170 2417 25

127 2443 195 2494 tunc
211 2435 265 2493 erit
284 2435 357 2494 hora
373 2445 466 2510 sexta,
492 2453 555 2493 cum
569 2436 690 2494 minuma
711 2433 812 2493 umbra
826 2444 926 2494 contra
941 2433 1064 2492 medium
1081 2433 1133 2492 liet

126 2518 280 2576 homiuem.
313 2536 367 2596 per
382 2519 465 2577 buius
483 2518 606 2578 mediam
624 2516 831 2594 longitudinem
854 2518 919 2578 duci
934 2518 1050 2576 sarculo
1071 2516 1131 2575 sul·

128 2618 191 2658 cum
206 2600 255 2658 vel
277 2602 376 2660 cinere
391 2602 486 2662 liniam
506 2601 589 2661 verbi
609 2603 702 2678 gratia
724 2600 827 2679 pedum
847 2602 948 2678 viginti
965 2601 1130 2676 conveniat,

126 2683 308 2758 mediamque
322 2703 495 2760 mensuram,
517 2685 574 2744 hcc
588 2687 676 2744 estin
692 2685 813 2744 decumo
829 2685 916 2762 pede,
933 2682 1131 2743 circumscribi

83 2775 136 2828 328
145 2766 255 2824 circulo
269 2783 371 2843 parvo,
385 2770 433 2844 qui
444 2777 568 2827 vocetur
580 2767 742 2828 umbilicus.
766 2786 841 2845 quae
855 2786 924 2846 pars
936 2767 1023 2827 luerit
1035 2785 1052 2828 a
1064 2785 1167 2829 ver-so

127 2851 184 2908 tice
200 2849 331 2925 umbrae,
353 2849 428 2909 baec
444 2853 499 2909 erit
513 2859 615 2909 ventus
631 2853 875 2930 septentrionalis.
901 2852 953 2912 illo
969 2851 1031 2926 tibi,
1047 2860 1130 2928 puta·

127 2941 183 3008 tor,
207 2932 343 2992 arborum
359 2933 465 3012 plagae
479 2952 516 2994 ne
531 2943 676 3012 spectent,
691 2953 767 2994 neve
784 2935 902 2996 arbusta
916 2937 1059 2996 vineaeve
1073 2935 1131 2992 nisi

126 3016 154 3071 in
169 3015 285 3092 Africa,
305 3014 439 3095 Cyrenis,
458 3018 607 3096 Aegypto.
637 3019 716 3078 illinc
728 3019 815 3080 llante
832 3038 869 3078 ne
886 3029 978 3094 arato,
995 3034 1130 3097 quaeque

83 3118 119 3151 aas
127 3097 182 3156 alia
199 3100 423 3177 praecipiemus.
456 3120 530 3180 quae
550 3121 619 3180 pars
634 3103 720 3163 liniae
735 3103 850 3163 luerita
868 3103 992 3181 pedibus
1010 3101 1131 3162 umbrae

40 3217 42 3222 ·
126 3181 274 3241 meridiem
291 3193 442 3262 spectans,
462 3187 535 3247 haec
546 3195 663 3246 ventum
678 3196 804 3247 austrum
818 3187 897 3247 dabit
912 3205 997 3265 quem
1009 3203 1025 3244 a
1039 3183 1129 3244 Grae·
1139 3203 1166 3244 as

83 3267 365 3328 3292‚1ncisnotum
380 3269 502 3329 diximus
512 3271 622 3330 vocari.
649 3271 730 3331 illinc
746 3271 815 3330 llatn
829 3272 964 3331 veniente
979 3270 1130 3329 materiam

124 3351 307 3429 vineamque,
325 3354 472 3429 agricola,
492 3371 528 3413 ue
546 3363 665 3414 tractes.
703 3355 814 3414 umidus
833 3364 881 3415 aut
904 3364 1057 3416 aestuosus
1072 3352 1129 3413 lta-

125 3432 180 3492 liae
197 3445 255 3511 est,
278 3436 396 3497 Africae
414 3437 529 3516 quidem
548 3438 681 3498 incendia
701 3456 764 3499 cum
785 3440 943 3499 serenitate
965 3438 1068 3498 adfert.
1100 3438 1131 3497 in
