2422 3840
151 187 211 245 144
489 194 519 242 c.
534 193 629 240 rnrur
645 191 794 240 suenum

149 360 352 429 praeterquam
375 349 507 408 iumentis
525 364 618 424 opere
633 345 839 409 laborantibus.
872 347 1012 423 culmum,
1036 355 1154 412 saxosis

150 435 223 495 loeis
241 451 303 493 cum
324 434 443 507 inaruit,
469 430 575 490 baculo
593 429 727 506 frangunt
743 431 795 490 snb
816 439 905 490 strata
921 433 1092 491 animalium.
1127 435 1154 491 si

103 518 253 597 :scopalea
277 517 390 592 deficit,
416 523 446 574 et
467 514 576 574 culmus
595 516 706 572 teritur.
738 516 811 578 ratio
835 515 923 574 baec:
949 517 1085 574 maturius
1102 517 1153 575 de·

150 611 265 677 sectus,
284 601 374 659 muria
390 600 460 658 dura
477 616 614 675 sparsus,
637 598 703 657 dein
717 600 842 659 siccatus
858 599 886 655 in
903 600 1070 676 manipulos·
1083 617 1154 658 eon·

148 687 275 746 volvitur
289 693 375 763 atque
390 686 429 742 ita
445 701 499 760 pro
518 682 585 741 feno
602 681 696 741 bubus
718 683 809 742 datur.
840 690 905 740 sunt
926 685 974 760 qni
990 684 1155 743 accendant
1170 704 1182 742 s

148 772 177 828 in
191 786 261 829 arvo
278 778 307 827 et
323 768 461 846 stipulas,
488 783 593 842 magno
608 765 721 843 Vergili
737 766 906 845 praeconio.
933 784 1040 826 summa
1056 775 1156 826 autem

150 855 211 913 eius
230 854 303 912 ratio
319 861 348 910 ut
364 850 517 911 herbarum
533 867 633 909 semen
649 859 790 909 exurant,
806 852 879 910 ritus
894 849 1027 909 diversos
1042 853 1154 928 magni·

148 937 217 996 tudo
233 937 303 996 iacit
316 935 452 994 messium
468 943 497 992 et
511 935 615 993 raritas
629 936 838 1011 operariorum.

103 1030 156 1084 301
182 1016 185 1020 “
223 1019 308 1097 (73.)
332 1015 450 1077 Conexa
469 1026 514 1076 est
529 1019 603 1076 ratio
624 1017 757 1076 frumenti
777 1017 922 1076 servandi.
952 1016 1063 1077 Horrea
1079 1036 1154 1096 ope·

148 1104 208 1161 rosi
221 1101 356 1180 tripedali
371 1099 561 1160 crassitudine
575 1103 688 1178 pariete
704 1100 836 1159 latericio
850 1100 1036 1160 exaedificari
1051 1102 1155 1162 iubent
1166 1117 1191 1157 ro

149 1186 246 1262 aliqui.
279 1193 434 1263 praeterea
448 1202 575 1260 superne
590 1184 695 1261 inpleri
716 1203 771 1243 nec
793 1183 913 1244 adflatus
935 1184 1086 1246 admittere
1105 1196 1156 1246 aut

148 1271 292 1328 fenestras
319 1267 428 1327 habere
454 1266 538 1327 ullas.
577 1268 625 1327 alii
653 1267 689 1327 ab
711 1278 814 1327 exortu
840 1277 946 1329 tanturn
967 1271 1079 1330 aestivo
1105 1279 1156 1329 ant

149 1353 365 1432 septentrione,
393 1368 486 1429 eaque
513 1352 575 1411 sine
601 1353 685 1411 calce
709 1355 850 1427 construi,
878 1354 1011 1430 quoniam
1035 1354 1071 1412 sit
1093 1353 1154 1413 iru-

107 1453 136 1497 ¹⁵.
145 1455 168 1489 ³⁸
176 1446 271 1497 mento
288 1437 492 1495 inimicissima.
512 1454 577 1495 nam
589 1454 664 1515 quae
675 1436 711 1496 de
724 1452 837 1496 amurca
850 1445 1065 1515 praeceperunt
1081 1437 1154 1497 indi-

103 1522 306 1582 coenavimus.
337 1519 407 1579 alibi
423 1529 523 1579 contra
545 1520 723 1598 suspendunt
742 1520 875 1596 granaria
890 1520 987 1596 lignea
1009 1521 1154 1580 columnis
1165 1537 1191 1576 1s

149 1615 178 1664 et
192 1605 311 1684 perflari
325 1604 449 1682 undique
464 1602 585 1680 malunt,
610 1613 696 1681 atque
712 1605 796 1663 etiam
811 1621 827 1663 a
843 1603 942 1663 inndo.
972 1605 1020 1663 alii
1035 1607 1153 1664 omnino

148 1689 295 1766 pendente
312 1686 439 1747 tabulato
456 1689 606 1747 extenuari
621 1706 739 1764 granum
754 1687 926 1747 arbitrantur
941 1697 986 1764 et,
1004 1689 1028 1746 si
1042 1689 1155 1765 tegnlis

149 1771 313 1845 subiaceat,
342 1770 579 1832 confervescere.
628 1771 708 1830 multi
733 1772 873 1831 ventilare
899 1789 1014 1848 quoque
1039 1781 1152 1833 vetant.

149 1855 344 1914 curculionem
362 1855 437 1912 enim
451 1872 508 1913 non
524 1853 706 1914 descendere
719 1855 792 1914 inira
809 1865 943 1932 quattuor
958 1855 1076 1932 digitos,
1094 1874 1154 1916 nec

104 1947 158 2000 303
168 1938 290 2014 amplius
305 1937 474 2016 periclitari.
503 1935 665 1998 Columella
680 1947 710 1997 et
721 1939 865 1998 favonium
880 1949 996 1999 ventum
1011 1940 1151 2000 conlecto
1161 1953 1189 1994 2⁰

147 2021 289 2080 frumento
305 2020 470 2098 praedicat,
496 2021 574 2100 quod
588 2023 677 2081 miror
692 2023 842 2101 equidem,
870 2024 1059 2083 siccissimum
1077 2023 1151 2084 alio-

148 2105 205 2182 qui.
231 2113 296 2164 sunt
315 2104 362 2182 qui
377 2104 478 2164 rubeta
494 2123 564 2164 rana
579 2107 607 2164 in
622 2106 718 2165 limine
733 2107 830 2166 horrei
845 2107 922 2186 pede
936 2125 953 2165 e
968 2106 1151 2184 longioribus

147 2207 289 2267 suspensa
304 2187 443 2248 invehere
459 2189 584 2249 iubeant.
616 2190 702 2250 nobis
726 2190 840 2273 referre
860 2191 1019 2269 plurumum
1036 2199 1150 2270 tempe·

147 2273 259 2333 stivitas
275 2273 419 2333 condendi
437 2273 591 2333 videbitur.
621 2276 727 2334 namsi
748 2292 848 2352 parum
868 2283 974 2334 tostum
990 2283 1077 2352 atque
1101 2291 1149 2333 ro·

146 2357 260 2417 bustum
276 2357 432 2417 collectum
447 2360 484 2416 sit
500 2366 547 2416 aut
563 2358 685 2417 calidum
702 2358 862 2434 conditum,
887 2359 955 2418 vitia
970 2359 1081 2418 innasci
1099 2374 1186 2417 ne-ac

103 2450 156 2506 aot
169 2459 254 2501 cesse
274 2452 328 2501 est.
365 2440 562 2500 Diuturnitatis
582 2459 688 2500 causae
709 2442 824 2519 plnres:
842 2451 890 2501 aut
910 2443 939 2500 in
958 2443 1050 2520 ipsius
1066 2444 1151 2518 grani

147 2525 244 2598 corio,
272 2542 335 2583 curn
357 2534 403 2583 est
428 2526 624 2601 numerosius,
647 2534 677 2584 ut
697 2524 794 2600 milio,
821 2535 868 2585 aut
889 2527 951 2585 suci
970 2525 1148 2602 pinguedine

146 2608 193 2686 qui
209 2623 262 2683 pro
280 2625 381 2666 umore
397 2608 503 2667 suflicit
518 2617 641 2683 tanturn,
669 2618 700 2668 ut
718 2610 858 2684 sesimae,
887 2617 936 2668 aut
950 2609 1147 2686 amaritudine,

145 2699 176 2748 ut
190 2689 288 2767 lupino
306 2699 335 2748 et
351 2691 526 2750 cicerculae.
558 2691 590 2750 ln
606 2694 702 2753 tritico
723 2711 855 2752 maxume
871 2701 1027 2752 nascuntur
1042 2693 1147 2752 anima·

145 2773 200 2847 lia,
230 2772 362 2850 quoniam
377 2774 525 2850 spissitate
541 2793 593 2834 sua
610 2776 788 2836 concalescit
809 2786 838 2836 et
853 2776 964 2836 furfure
980 2793 1081 2836 crasso
1096 2793 1146 2834 ve·
1156 2789 1184 2831 ao

145 2857 237 2916 stitur.
269 2857 384 2914 tenuior
400 2855 513 2916 hordeo
535 2857 637 2934 palea,
663 2860 748 2919 exilis
772 2870 801 2920 et
825 2861 979 2938 legumini,
1005 2859 1072 2919 ideo
1088 2875 1147 2916 non

145 2947 294 3016 generant.
331 2937 398 2997 laba
416 2940 608 2999 crassioribus
630 2944 733 3002 tunicis
750 2946 896 3023 operitur,
924 2944 963 3005 ob
983 2943 1040 3003 hoo
1059 2940 1145 3000 elfer-

103 3023 265 3084 305vescit.
298 3021 419 3094 Quidam
435 3023 528 3099 ipsum
553 3025 676 3085 triticum
701 3026 892 3088 diuturnitatis
912 3028 1006 3104 gratia
1024 3024 1146 3101 adsper-

59 3109 70 3128 ⁰
144 3114 214 3181 gunt
229 3122 361 3182 amurca,
390 3105 469 3166 mille
490 3108 603 3169 modios
624 3111 819 3188 quadrantali,
846 3111 894 3171 alii
911 3109 1078 3171 Chalcidica
1100 3117 1149 3168 aut

146 3186 248 3247 Carica
266 3198 346 3248 creta
362 3191 509 3250 autetiam
531 3192 684 3254 absinthio.
714 3204 759 3254 est
781 3204 810 3255 et
826 3194 943 3269 Olynthi
959 3213 994 3254 ac
1016 3191 1148 3253 cerinthi
1156 3214 1183 3253 aa

144 3271 284 3332 Euboeae
299 3282 378 3333 terra
396 3292 470 3352 quae
486 3280 631 3356 corrumpi
645 3295 703 3337 non
719 3280 800 3339 sinat.
830 3297 885 3338 nec
900 3280 965 3337 iere
986 3277 1104 3337 condita
1120 3278 1149 3335 in

101 3366 153 3422 306
166 3358 245 3435 spica
268 3357 433 3435 laeduntur,
462 3360 613 3420 utilissime
639 3371 733 3422 tamen
758 3371 908 3422 servantur
927 3363 958 3421 in
978 3360 1148 3436 scrobibus,

145 3459 218 3518 quos
235 3443 310 3503 siros
324 3452 448 3521 vocant,
476 3445 549 3503 utin
564 3443 751 3524 Cappadocia
763 3464 807 3517 ‚ac
823 3445 947 3506 Threcia
963 3453 992 3504 et
1007 3443 1150 3523 Hispania
