2422 3840
128 215 191 276 206
502 222 532 269 o.
548 221 646 269 surm
662 216 811 268 sucorum

130 380 296 461 potionibus
317 395 459 458 perrara
488 377 614 435 innatant
635 384 664 434 et
684 376 712 434 in
742 375 930 436 condimentis
952 375 1139 455 peculiarem

129 465 249 542 gratiam
265 463 383 523 habent.
414 469 569 541 praeterea
592 458 684 519 oculis
706 459 815 518 inlitum
837 478 900 520 oum
920 460 1025 536 melle,
1048 461 1140 521 itaut

129 546 250 607 subinde
264 547 417 606 foveantur
432 545 557 605 ferventi
573 559 645 604 suco
658 545 785 619 decocti,
803 544 927 621 aliisque
939 544 1140 604 membrorum

130 631 281 710 epiphoris
297 648 351 710 per
368 649 401 690 se
417 630 513 688 tritum
529 637 577 689 aut
593 645 657 687 cum
673 643 749 704 pane
768 626 817 686 vel
834 627 953 706 polenta
975 630 1138 707 inpositum

127 717 199 774 mire
215 714 376 774 auxiliatur.
410 714 508 793 pisces
524 728 651 790 quoque,
668 711 694 769 si
708 719 863 787 aegrotent
877 713 905 770 in
917 713 1048 790 piscinis,
1064 714 1162 791 apios

88 809 137 864 113
150 798 232 858 viridi
251 807 432 859 recreantur.
465 815 566 856 verum
586 794 662 873 apud
684 795 813 854 eruditos
837 813 895 856 non
922 796 998 856 aliud
1020 806 1139 857 erutum

128 892 207 943 terra
223 885 251 942 in
265 884 374 942 maiore
393 881 599 941 sententiarum
616 879 757 939 varietate
774 887 828 938 est.
852 879 1036 957 distinguitur
1049 899 1137 940 sexu.
1178 879 1182 883 ’

114 963 310 1045 ·Ghrysippus
332 966 466 1025 feminam
489 981 557 1022 esse
580 962 649 1022 dicit
675 962 866 1040 crispioribus
890 963 967 1024 loliis
989 973 1018 1023 et
1043 965 1138 1042 duris,

129 1066 229 1109 crasso
252 1050 353 1125 caule,
376 1065 483 1126 sapore
505 1047 565 1106 acri
587 1055 616 1105 et
636 1045 766 1122 fervido,
787 1044 944 1122 Dionysius
963 1049 1138 1125 nigriorem,

126 1131 272 1193 brevioris
287 1131 405 1208 radicis,
420 1129 597 1190 vermiculos
608 1130 785 1207 gignentem,
802 1131 886 1190 ambo
899 1142 1032 1193 neutrum
1044 1133 1082 1193 ad
1096 1134 1137 1192 ci·
1148 1150 1171 1190 ro

126 1215 180 1274 bos
201 1216 422 1290 admittendum,
445 1216 530 1273 immo
553 1215 668 1273 omnino
684 1212 783 1292 nefas,
800 1232 864 1274 nam
888 1216 916 1276 id
932 1215 1139 1276 detunctorum

128 1299 221 1378 epulis
237 1299 376 1360 feralibus
389 1300 513 1360 dicatum
526 1315 605 1374 esse,
622 1298 701 1358 visus
714 1315 831 1377 quoque
844 1300 966 1360 claritati
979 1301 1138 1360 inimicum.

85 1393 135 1446 114
149 1383 232 1443 caule
255 1384 381 1444 feminae
403 1381 581 1442 vermiculos
604 1382 702 1460 gigni,
729 1381 857 1461 ideoque
875 1400 927 1443 eos
947 1385 995 1461 qui
1021 1384 1140 1444 ederint

126 1468 327 1544 sterilescere,
346 1469 433 1528 maris
449 1467 625 1541 leminasve,
642 1467 671 1525 in
689 1467 853 1545 puerperiis
868 1485 940 1528 vero
958 1468 1048 1528 abeo
1068 1468 1139 1528 cibo

116 1552 279 1611 comitialis
295 1552 360 1612 lieri
375 1553 424 1630 qui
438 1550 529 1610 ubera
543 1550 685 1610 hauriunt.
712 1551 942 1612 innocentiorem
954 1561 1052 1611 tamen
1065 1571 1137 1614 esse
1149 1569 1170 1608 15

125 1653 243 1695 marem.
277 1653 370 1714 eaque
393 1652 481 1696 causa
502 1642 548 1693 est
571 1652 608 1693 ne
624 1635 699 1692 inter
713 1634 844 1695 nefastos
859 1636 956 1696 frutex
971 1636 1138 1697 damnetur.

126 1737 309 1779 mammarum
326 1720 457 1779 duritiam
477 1718 610 1796 inpositis
625 1717 704 1777 loliis
721 1718 840 1779 emollit.
875 1720 1026 1780 suaviores
1042 1737 1139 1798 aquas
1210 1763 1211 1766 κ

86 1815 135 1866 115
146 1804 228 1882 potui
250 1804 393 1862 incoctum
415 1809 554 1878 praestat.
597 1818 669 1861 suco
695 1819 827 1862 maxume
852 1803 959 1863 radicis
981 1822 1047 1863 cum
1066 1807 1138 1865 vino

126 1886 288 1946 lumborum
313 1886 432 1945 dolores
453 1885 580 1961 mitigat,
604 1883 707 1944 eodem
728 1887 790 1944 iure
806 1887 944 1947 instillato
959 1889 1139 1964 gravitatem

126 1971 244 2029 aurium.
269 1970 380 2027 semine
397 1968 508 2027 urinam
524 1969 592 2043 ciet,
609 1976 755 2029 menstrua
771 1987 806 2029 ac
818 1970 961 2031 secundas
976 1981 1079 2049 partus
1097 1983 1170 2050 et,2c

127 2055 151 2111 si
170 2052 325 2112 foveantur
343 2053 453 2112 semine
476 2050 619 2127 decocto,
644 2052 800 2130 suggillata
816 2054 912 2114 reddit
933 2055 1037 2115 colori.
1070 2075 1139 2118 cum

128 2136 175 2194 ovi
197 2135 265 2195 albo
286 2137 395 2196 inlitum
416 2143 463 2196 aut
484 2154 522 2195 ex
543 2154 618 2214 aqua
634 2145 748 2196 coctum
766 2146 924 2217 potumque
939 2138 1060 2199 renibus
1077 2159 1138 2202 me-

127 2220 221 2294 detur,
238 2222 266 2280 in
282 2221 387 2298 frigida
405 2221 501 2279 tritum
516 2222 575 2279 oris
598 2220 755 2287 ulceribus.
788 2239 888 2282 semen
909 2240 972 2282 cum
992 2224 1063 2284 vino
1087 2225 1139 2286 vel

126 2304 209 2364 radix
225 2322 288 2364 cum
303 2305 395 2363 veteri
410 2306 477 2363 vino
493 2304 613 2363 vesicae
634 2304 765 2364 calculos
785 2304 928 2383 frangunt.
961 2325 1064 2367 semen
1088 2309 1138 2369 da-

126 2397 172 2446 tur
193 2396 221 2447 et
237 2389 363 2465 arquatis
381 2405 418 2446 ex
434 2389 501 2446 vino
518 2386 597 2446 albo.
1145 2411 1169 2451 25

87 2509 137 2562 116
195 2496 279 2577 (45.)
301 2498 467 2576 Apiastrum
481 2496 610 2574 Hyginus
629 2497 742 2575 quidem
762 2499 1014 2579 melissophyllum
1030 2505 1137 2582 appel-

128 2581 179 2653 lat,
201 2579 254 2638 sed
276 2583 304 2640 in
326 2581 462 2641 confessa
484 2580 665 2641 damnatione
690 2591 734 2641 est
748 2594 919 2644 venenatum
940 2587 968 2644 in
987 2587 1138 2650 Sardinia.

128 2664 312 2804 congerenda
326 2666 400 2723 enim
418 2672 482 2723 sunt
498 2666 590 2724 omnia
604 2683 642 2724 ex
655 2665 758 2726 eodem
784 2669 899 2728 nomine
912 2668 988 2749 apud
1001 2668 1138 2733 Graecos

127 2763 185 2823 pen
207 2747 291 2805 entia.

86 2879 136 2934 117
194 2870 278 2949 (46.)
303 2869 482 2947 Olusatrum,
500 2872 577 2951 quod
593 2872 807 2952 hipposelinum
822 2885 942 2954 vocant,
960 2878 1169 2948 adversaturos

126 2953 341 3031 scorpionibus.
378 2965 449 3033 poto
465 2958 575 3016 semine
592 2958 761 3018 torminibus
778 2968 808 3018 et
819 2961 976 3020 interaneis
986 2963 1137 3042 medetur,

126 3037 195 3095 item
213 3036 430 3099 difficultatibus
445 3040 544 3099 urinae
560 3057 660 3101 semen
675 3042 737 3102 eius
753 3041 908 3104 decoctum
920 3063 957 3104 ex
971 3046 1067 3107 mulso
1083 3067 1136 3127 po·

124 3127 192 3178 tum.
226 3121 308 3180 radix
324 3124 387 3181 eius
403 3123 430 3181 in
443 3123 509 3183 vino
527 3121 651 3185 decocta
667 3125 797 3187 calculos
817 3127 900 3206 pellit
918 3138 947 3189 et
969 3129 1137 3193 lumborum

126 3220 162 3262 ac
176 3202 276 3264 lateris
294 3205 423 3265 dolores.
455 3208 534 3267 canis
554 3208 664 3269 rabiosi
682 3210 827 3271 morsibus
849 3221 948 3291 potum
971 3222 1000 3272 et
1021 3215 1137 3276 inlitum

124 3287 266 3346 medetur.
294 3308 380 3349 sucus
397 3291 459 3350 eius
478 3290 602 3369 algentis
615 3293 751 3354 calefacit
767 3304 862 3373 potus.
892 3306 1024 3374 quartum
1036 3317 1167 3376 genusne

122 3388 163 3428 ex
185 3371 290 3432 eodem
306 3372 400 3454 'aliqui
420 3372 759 3454 iaciunt'oreoselinum,
782 3378 906 3456 palmum
929 3380 988 3440 alto
1011 3381 1135 3463 frutice,

103 3462 195 3512 recto
214 3459 332 3520 semine
351 3461 468 3522 cumino
486 3459 591 3538 simili,
611 3462 712 3520 urinae
727 3471 757 3519 et
769 3464 922 3522 menstruis
939 3464 1058 3526 efficax.
1082 3468 1135 3531 he·
