2422 3840
311 210 391 256 mar.
407 207 498 256 urs‘r.
514 208 574 256 xx.
592 199 714 257 ao—n't.
734 194 888 273 (83-86.)
1043 190 1103 252 225

100 362 212 439 cyathis
233 363 322 422 ternis
345 361 477 441 tepidus,
503 371 533 423 et
552 361 758 421 insanientibus
780 358 944 438 quaternis,
963 358 1104 419 decoctae

101 444 293 507 comitialibus
309 446 440 506 heminae
462 447 535 506 suci.
568 446 615 506 hic
630 453 660 504 et
674 444 831 505 calculosis
847 453 876 503 et
891 441 1038 503 inflatione
1055 450 1084 501 et
1094 451 1147 506 228

99 530 269 590 torminibus
290 539 339 590 aut
366 529 582 608 opisthotonico
609 527 806 588 laborantibus
828 526 943 604 tepidus
968 526 1103 586 inlinitur.

101 623 129 673 et
144 614 236 673 sacris
250 613 365 691 ignibus
381 623 410 673 et
424 612 563 674 ambustis
579 613 702 672 decocta
716 613 745 670 in
763 610 859 670 oleum
874 609 945 669 lolia
965 611 1104 688 inponun-

72 707 156 774 stur,
172 707 200 757 et
215 697 250 758 ad
265 697 417 758 volnerum
432 698 554 774 impetus
566 696 655 757 cruda
668 712 732 755 cum
747 711 833 772 pane.
863 711 949 752 sucus
962 694 1104 755 decoctae

99 783 197 841 nervis
212 781 335 860 prodest
352 789 382 839 et
400 782 519 840 vesicae
538 789 567 840 et
582 781 781 839 intestinorum
796 776 973 836 rosionibus.
1002 777 1104 836 volvas

100 873 130 924 et
146 864 211 925 cibo
226 875 255 924 et
269 864 413 924 inlusione
428 864 539 925 emollit
552 864 665 939 oleum,
681 880 768 923 sucus
783 860 926 921 decoctae
940 869 1105 938 permeatus
1142 882 1155 903 ·

100 949 197 1008 suavis
211 948 290 1008 iacit.
312 947 455 1008 Althaeae
472 950 500 1006 in
516 947 647 1007 omnibus
664 963 752 1025 supra
769 945 853 1006 dictis
872 943 1023 1006 efficacior
1039 962 1083 1004 ra·
1095 954 1147 1008 229

100 1032 165 1107 dix,
190 1032 351 1110 praecipue
368 1033 523 1093 convolsis
545 1032 706 1111 ruptisque.
745 1038 831 1090 cocta
856 1029 885 1087 in
907 1046 982 1108 aqua
1007 1029 1104 1089 alvom

15 1119 18 1122 ’
64 1139 90 1181 10
101 1116 183 1175 sistit.
218 1134 255 1175 ex
277 1117 343 1176 vino
370 1117 436 1177 albo
452 1126 573 1176 strumas
589 1125 619 1175 et
633 1114 798 1195 parotidas,
819 1122 848 1174 et
864 1130 1046 1174 mammarum
1063 1114 1104 1172 iu·

98 1198 307 1260 dammationes
331 1209 360 1260 et
377 1217 469 1279 panos
492 1202 520 1259 in
535 1202 603 1259 vino
619 1199 690 1259 folia
706 1199 831 1260 decocta
848 1206 877 1257 et
891 1197 972 1260 inlita
988 1198 1102 1258 tollunt.

98 1284 200 1344 eadem
226 1283 305 1344 arida
338 1285 366 1342 in
393 1284 469 1344 lacte
491 1284 615 1344 decocta
640 1281 799 1361 quamlibet
820 1282 1005 1360 perniciosae
1030 1283 1104 1341 tussi

99 1369 236 1427 citissime
259 1366 418 1427 medentur.
458 1366 654 1446 Hippocrates
680 1366 839 1426 volneratis
863 1366 1084 1444 sitientibusque
1095 1375 1148 1429 230

98 1450 216 1510 delectu
235 1452 381 1528 sanguinis
396 1451 503 1511 radicis
518 1451 660 1510 decoctae
677 1467 777 1509 sucum
791 1447 946 1522 bibendum
962 1448 1058 1526 dedit,
1076 1460 1105 1509 et
1174 1517 1180 1524 ,

62 1553 88 1594 15
99 1535 192 1612 ipsam
208 1534 378 1594 volneribus
395 1553 459 1594 cum
472 1534 560 1595 melle
577 1542 607 1594 et
625 1535 737 1610 resina,
754 1534 822 1592 item
841 1534 1004 1609 contunsis,
1022 1533 1104 1594 luxa-

97 1619 151 1694 tis,
170 1617 342 1678 tumentibus
363 1628 392 1678 et
412 1618 561 1694 musculis,
582 1617 692 1693 nervis,
711 1616 840 1677 articulis
861 1618 988 1694 inposuit
1010 1625 1041 1675 ut
1057 1635 1103 1676 su·

97 1718 160 1778 pra,
184 1703 335 1780 spasticis,
357 1701 541 1777 dysintericis
567 1703 596 1760 in
615 1701 683 1762 vino
704 1699 859 1760 bibendam
876 1700 964 1759 dedit.
1004 1700 1104 1759 mirum

97 1801 199 1862 aquam
214 1784 314 1845 radice
331 1803 366 1846 ea
383 1786 478 1846 addita
500 1786 653 1846 addensari
669 1784 722 1845 sub
740 1784 787 1845 diu
802 1793 890 1864 atque
905 1783 1102 1860 glaciescere.

97 1867 248 1929 efficacior
262 1879 357 1930 autem
370 1887 428 1948 quo
443 1871 600 1930 recentior.

59 1969 86 2010 co
161 1951 245 2031 (85.)
267 1952 330 2015 Nec
351 1953 497 2032 lapathum
516 1954 661 2014 dissimilis
688 1952 811 2014 effectus
836 1951 933 2013 habet.
968 1960 1013 2010 est
1035 1969 1083 2011 au·
1096 1960 1145 2014 231

97 2045 126 2094 et
142 2045 200 2095 tem
214 2036 361 2114 silvestre,
382 2038 460 2115 quod
476 2038 525 2097 alii
541 2037 657 2097 oxalida
680 2037 845 2115 appellant,
871 2053 980 2114 sapore
997 2052 1104 2114 proxu-

96 2135 187 2192 mum,
210 2117 288 2178 foliis
309 2121 417 2194 acutis,
442 2120 544 2179 colore
565 2121 652 2179 betae
674 2120 831 2194 candidae,
851 2119 950 2179 radice
970 2121 1103 2194 minuma,

96 2201 188 2259 nostri
203 2217 275 2260 vero
291 2203 445 2277 rumicem,
469 2202 517 2262 alii
532 2202 679 2281 lapathum
694 2201 905 2277 cantherinum,
931 2201 966 2261 ad
982 2212 1104 2262 strumas

10 2316 17 2337 .
97 2299 161 2342 cum
173 2287 296 2361 axungia
309 2284 552 2344 efficacissimum.
571 2293 616 2344 est
627 2293 657 2344 et
667 2284 789 2344 alterum
800 2302 892 2360 genus
903 2319 943 2330 -
955 2283 1019 2343 fere
1033 2302 1103 2359 oxy·

60 2386 87 2426 as
97 2366 235 2444 lapathon
246 2378 412 2445 vocont-,
426 2372 520 2429 sativo
532 2369 560 2429 id
572 2378 617 2429 est
628 2368 765 2443 similius,
778 2367 831 2426 sed
843 2369 973 2428 acutiora
984 2367 1055 2427 folia
1070 2384 1104 2426 ac

96 2449 244 2528 rubriora,
260 2470 318 2512 nou
332 2454 386 2512 nisi
402 2455 430 2511 in
443 2453 619 2531 palustribus
635 2470 768 2514 nascens.
801 2459 866 2510 sunt
882 2453 930 2529 qui
952 2460 981 2510 et
998 2449 1103 2524 hydro·

96 2534 234 2612 lapathon
249 2537 362 2596 tradant
382 2537 411 2595 in
428 2546 613 2615 squamatum
633 2546 662 2596 et
681 2535 758 2595 aliod
772 2534 1002 2614 hippolapathon
1013 2535 1103 2593 maius

96 2618 189 2676 sativo
205 2618 412 2698 candidiusque
439 2639 474 2680 ac
488 2621 620 2698 spissius.
652 2619 804 2680 silvestria
821 2621 1006 2697 scorpionum
1020 2619 1082 2678 icti·
1095 2628 1146 2681 232

96 2698 151 2758 bus
171 2701 320 2762 medentur
338 2712 368 2762 et
388 2703 470 2762 feriri
487 2703 642 2781 prohibent
661 2701 803 2762 habentis.
844 2702 927 2763 radix
948 2711 1033 2763 aceto
1053 2703 1102 2761 de·

60 2792 199 2860 mcocta,
222 2787 246 2844 si
267 2786 417 2847 conluatur
431 2805 534 2864 sucus,
555 2786 687 2847 dentibus
704 2785 871 2862 auxiliatur,
894 2788 919 2845 si
936 2804 1007 2846 vero
1024 2785 1102 2845 biba·

95 2875 157 2943 tur,
172 2869 275 2929 morbo
292 2871 387 2947 regio.
422 2889 524 2931 semen
539 2869 680 2931 stomachi
694 2871 906 2931 inextricabilia
925 2871 995 2929 vitia
1011 2878 1099 2928 sanat.

94 2949 295 3030 hippolapathi
306 2952 421 3013 radices
434 2955 566 3033 privatim
580 2955 682 3031 unguis
696 2953 818 3014 scabros
832 2954 992 3014 detrahunt.
1016 2952 1082 3028 dys-
1093 2962 1146 3016 233

94 3035 233 3096 intericos
262 3054 362 3097 semen
388 3037 498 3097 duabus
531 3037 675 3099 drachmis
699 3039 728 3097 in
758 3039 826 3097 vino
859 3046 957 3116 potum
987 3036 1101 3097 liberat.

96 3120 263 3199 oxylapathi
286 3138 387 3180 semen
409 3121 498 3181 lotum
520 3122 549 3181 in
563 3139 639 3199 aqua
659 3122 781 3181 caelesti
795 3123 963 3199 sanguinem
979 3121 1101 3181 reicien-

58 3216 85 3257 os
96 3203 172 3263 tibus
195 3204 309 3265 adiecta
324 3205 424 3264 acacia
439 3204 524 3264 lentis
540 3205 735 3282 magnitudine
750 3206 880 3284 prodest.
915 3206 1101 3284 praestantis-

98 3286 185 3346 simos
200 3289 335 3366 pastillos
349 3289 458 3349 iaciunt
473 3306 511 3349 ex
524 3289 604 3350 foliis
621 3299 650 3349 et
664 3289 763 3351 radice
784 3289 881 3349 addito
896 3291 971 3349 nitro
990 3296 1019 3347 et
1037 3296 1100 3346 ture

97 3368 213 3444 exiguo.
245 3373 274 3432 in
290 3391 344 3432 usu
360 3382 445 3433 aceto
464 3373 582 3434 diluunt.

159 3452 242 3533 (86.)
265 3456 324 3517 Sed
338 3457 461 3518 sativom
482 3459 511 3517 in
530 3458 681 3536 epiphoris
697 3457 851 3518 oculorum
864 3455 1087 3515 inlinanuhrom-
1096 3461 1165 3506 *mcx

137 3555 205 3598 euru.
221 3557 366 3600 unr.u1sr.
382 3545 426 3602 lll.
913 3536 960 3593 Χῖ)
