2422 3840
299 144 378 230 unu.
395 182 484 230 mss.
502 183 586 230 xum.
601 176 720 234 2446.
739 172 892 248 (ot-to.)
1046 169 1087 232 89

95 335 191 396 civilia
210 337 310 414 paucis
332 337 417 394 ramis
435 333 632 395 eminentibus.
671 337 816 395 inventum
836 335 986 410 Sibyllinis
1006 336 1087 395 libris

92 419 310 478 internicionem
324 417 465 477 bominum
480 417 562 493 iore,
579 427 715 496 tantoque
737 436 800 478 eam
820 421 958 478 maiorem
979 429 1084 499 quanto

94 502 216 579 propius
233 501 269 561 ab
284 499 354 561 urbe
371 501 464 580 posita
476 500 582 559 iactum
598 510 687 561 esset.
719 503 790 561 Sunt
805 503 936 580 prodigia
957 513 986 562 ct
1002 511 1128 565 cumulo

94 583 196 643 alienis
212 584 286 644 locis
302 592 483 658 enascuntur,
498 592 528 641 ut
543 586 571 642 in
588 584 729 661 capitibus
745 593 901 645 statuarum
912 586 960 644 vel
975 587 1042 660 aris,
1057 595 1086 644 et

69 683 159 732 scum
175 667 202 725 in
217 665 368 728 arboribus
382 667 452 744 ipsis
466 666 587 727 alienae.
616 667 689 726 licus
705 669 733 726 in
748 667 829 727 lauro
845 676 910 727 nata
928 678 973 728 est
988 667 1085 744 Cyzici

93 758 159 809 ante
174 750 365 810 obsidionem.
400 749 483 807 simili
503 749 588 809 modo
610 748 754 809 Trallibus
775 750 870 827 palma
890 752 919 809 in
934 750 996 810 basi
1014 750 1085 810 Cae·

93 834 167 898 saris
191 834 339 893 dictatoris
361 832 439 891 circa
459 831 537 891 bella
559 832 653 892 civilia
673 834 744 892 eius.
779 850 835 892 nec
856 850 912 892 non
933 842 961 892 et
976 833 1085 892 Romae

93 917 121 974 in
138 913 281 993 Capitolio
296 916 325 974 in
347 915 441 993 capite
457 914 533 974 lovis
555 915 635 974 bello
655 914 756 975 Persei
776 925 859 975 enata
880 917 973 994 palma
994 918 1085 975 victo·

92 1001 164 1058 riam
188 998 406 1077 triumphosque
430 998 585 1076 portendit.
625 999 680 1058 hac
698 999 917 1076 tempestatibus
942 1009 1086 1077 prostrata

57 1104 83 1145 no
95 1081 198 1141 eodem
220 1082 287 1142 loco
308 1082 380 1141 dcus
397 1091 481 1141 enata
502 1091 547 1141 est
564 1079 602 1140 bl.
618 1080 763 1141 Messalae
781 1079 912 1143 &Cassi
933 1100 1086 1142 censorum

93 1165 201 1240 lustro,
223 1183 311 1244 aquo
329 1175 462 1243 tempore
474 1165 638 1242 pudicitiam
653 1165 822 1225 subversam
842 1166 907 1225 l’iso
925 1169 1022 1242 gravis
1037 1185 1085 1226 au·

93 1257 157 1308 otor
171 1248 306 1326 prodidit.
335 1249 431 1326 Super
448 1249 542 1307 omnia
559 1265 633 1324 quae
656 1266 785 1327 umquam
809 1249 903 1308 audita
925 1260 989 1308 sunt
1011 1251 1128 1311 eritttb

93 1331 255 1410 prodigium
272 1334 414 1390 innostro
434 1350 509 1392 aevo
527 1330 652 1390 Neronis
673 1333 812 1410 principis
830 1333 910 1391 ruina
930 1333 1036 1392 iactum
1057 1335 1085 1392 in

92 1432 164 1491 agro
187 1413 368 1489 Marrucino,
388 1414 473 1473 Venti
497 1411 630 1472 Marcelli
652 1432 668 1472 e
691 1416 790 1492 primis
813 1417 957 1493 equestris
979 1417 1086 1475 ordinis

57 1519 83 1559 1s
94 1498 204 1558 oliveto
220 1498 356 1556 universo
375 1497 450 1555 viam
468 1495 612 1573 publicam
633 1505 815 1573 transgresso
832 1498 966 1574 arvisque
986 1499 1085 1557 indee

93 1579 241 1640 contrario
257 1578 395 1638 inlocum
411 1577 510 1637 oliveti
530 1577 680 1655 proiectis.

156 1660 206 1722 26.
224 1661 308 1739 (39.)
322 1660 405 1720 Nunc
419 1661 560 1739 expositis
573 1661 707 1720 arborum
719 1660 828 1721 morbis
841 1670 1064 1721 consentaneum
1076 1673 1129 1727 246

94 1754 138 1805 est
164 1744 263 1804 dicere
291 1753 321 1803 et
349 1738 486 1804 remedia.
532 1743 578 1803 Ex
603 1744 647 1804 his
672 1744 813 1823 quaedam
839 1755 904 1804 sunt
928 1746 1085 1805 communia

93 1828 227 1904 omnium,
245 1827 385 1907 quaedam
399 1829 518 1907 propria
538 1828 722 1905 quarundam.
754 1831 911 1888 communia
932 1828 1084 1905 ablaquea-

56 1913 151 1986 aotio,
168 1910 376 1987 adcumulatio,
394 1911 492 1971 adflari
514 1911 628 1970 radices
650 1921 697 1971 aut
717 1913 876 1989 cooperiri,
898 1913 996 1988 riguus
1019 1911 1085 1972 dato

92 2003 162 2073 potu
179 1994 228 2054 vel
244 1994 357 2069 ablato,
382 1995 474 2054 fimum
491 2011 561 2052 suco
576 1995 711 2070 reiectis,
734 1997 843 2072 putatio
860 1996 962 2073 levatis
985 2013 1086 2054 onere.

92 2081 161 2137 item
173 2095 245 2137 suco
258 2079 365 2137 emisso
378 2077 519 2155 quaedam
534 2077 624 2136 veluti
640 2078 779 2137 detractio
796 2080 952 2154 sanguinis,
966 2079 1085 2137 circum·

92 2161 170 2220 rasio
184 2161 318 2234 corticis,
337 2161 435 2220 vitium
448 2161 611 2218 extenuatio
633 2169 661 2218 et
674 2161 813 2219 domitura
826 2161 986 2238 palmitum,
1006 2179 1087 2236 gem-

93 2261 215 2317 marum,
236 2244 261 2301 si
273 2243 364 2318 frigus
384 2241 540 2301 retorridas
552 2242 700 2319 hirtasque
716 2242 835 2316 lecerit,
854 2245 1042 2321 repumicatio
1058 2254 1087 2302 et

58 2347 84 2386 25
96 2325 237 2404 quaedam
249 2326 384 2403 politura.
406 2324 550 2384 Arborum
563 2324 606 2383 his
620 2324 694 2384 aliae
706 2326 798 2400 magis
810 2325 884 2384 aliae
895 2327 986 2384 minus
997 2343 1065 2400 gau·
1077 2336 1128 2389 247

95 2408 178 2483 dent,
190 2407 282 2467 veluti
301 2425 457 2486 cupressus
472 2415 501 2466 et
513 2425 614 2485 aquam
627 2407 816 2484 adspernatus
834 2417 863 2466 et
880 2409 973 2467 limum
991 2417 1019 2466 et
1032 2409 1085 2466 cir-

94 2490 303 2551 cumfossuram
322 2491 602 2570 amputationemque
623 2501 652 2551 et
672 2492 764 2550 omnia
781 2491 908 2551 remedia
924 2491 999 2566 odit,
1020 2492 1088 2567 quin

93 2576 177 2634 etiam
188 2585 310 2635 necatur
323 2576 424 2651 riguis,
436 2575 502 2633 vitis
518 2583 547 2632 et
562 2576 683 2651 punicae
695 2575 853 2652 praecipue
866 2575 986 2634 aluntur.
1015 2574 1087 2633 finus

94 2655 181 2716 arbor
191 2659 255 2735 ipsa
267 2658 357 2734 riguis
369 2656 463 2733 alitur,
477 2674 589 2734 pomum
602 2675 673 2716 vero
690 2658 752 2716 cius
767 2659 928 2718 marcescit.
953 2657 1086 2734 amygda-

57 2758 83 2799 so
93 2739 139 2798 lae
152 2739 176 2796 si
190 2739 320 2799 colantur
332 2739 472 2815 fossione,
486 2740 587 2799 liorem
600 2742 736 2800 amittunt.
766 2758 823 2800 uec
836 2743 934 2801 insitas
946 2745 1065 2801 circum·
1078 2750 1131 2803 248

92 2822 195 2881 fodere
209 2830 327 2901 oportet
339 2824 503 2901 priusquam
514 2823 627 2884 validae
639 2825 717 2884 ferre
736 2827 886 2901 coeperint
904 2843 999 2903 poma.
1024 2824 1085 2902 plu·

92 2922 190 2964 rumae
213 2914 308 2966 autem
332 2907 470 2983 amputari
491 2906 546 2966 sibi
563 2908 663 2966 vadunt
681 2925 807 2967 onerosa
831 2927 866 2968 ac
894 2925 1085 2985 supervacua,

93 2989 169 3048 sicut
180 3006 234 3048 nos
246 2990 350 3064 unguis
359 2997 387 3047 et
395 2988 539 3067 capillum.
552 2991 718 3051 reciduntur
725 3001 843 3050 veteres
855 3000 933 3051 totae
941 3008 975 3050 ac
987 3008 1086 3049 rursus

94 3073 237 3132 astolone
250 3072 348 3149 aliquo
360 3080 530 3148 resurgunt,
548 3073 600 3133 sed
617 3091 674 3133 uon
693 3091 810 3150 omnes,
827 3092 883 3133 nec
899 3076 952 3133 nisi
969 3091 1086 3153 quarum

56 3177 81 3219 as
93 3165 221 3216 naturam
235 3157 293 3233 pati
307 3154 438 3215 diximus.
1014 3155 1128 3237 raqpppp,

163 3238 246 3317 (40.)
271 3238 364 3314 iligna
387 3239 504 3298 aestivis
526 3239 681 3315 vaporibus
704 3242 801 3316 utilia,
826 3242 919 3300 hieme
942 3241 1065 3313 inimica,
1077 3245 1129 3299 249

92 3330 224 3381 autumno
247 3323 327 3381 varia
352 3330 381 3381 et
393 3340 409 3380 e
422 3331 522 3381 natura
541 3322 611 3398 soli,
636 3325 744 3403 quippe
760 3343 823 3384 cum
839 3324 1028 3383 vindemiator
1038 3321 1086 3379 Hi·

91 3405 254 3481 spaniarum
272 3414 424 3482 stagnante
442 3405 506 3464 solo
526 3422 596 3464 uvas
618 3406 752 3467 demetat.
783 3416 911 3466 ceterum
928 3405 1039 3463 maiore
1058 3403 1094 3458 in
