2422 3840
144 162 184 221 74
490 175 519 224 o.
536 176 631 222 amru
647 175 797 224 snouunr

145 336 173 388 et
185 329 311 404 extendi,
324 346 361 386 ne
374 329 490 387 crudum
500 328 687 407 relinquatur,
700 346 799 388 verum
812 329 890 406 exigi
901 345 1043 388 mensura.
1064 327 1140 387 male

145 413 315 489 pastinatum
340 411 559 490 deprehendunt
579 430 695 472 scamna
718 412 889 490 inaequalia.
927 410 1070 471 metienda
1094 415 1139 470 est

102 504 154 558 160
164 504 192 554 et
211 513 246 554 ea
266 513 333 572 pars
358 511 431 572 quae
452 497 605 555 interiacet
621 495 739 574 pulvini.
774 496 886 556 Surculi
907 505 1041 554 seruntur
1065 495 1139 552 etin

144 578 251 637 acrohe
270 587 298 636 et
316 579 344 636 in
362 578 444 638 sulco
463 579 606 655 longiore.
634 596 815 657 superquam
833 579 987 638 tenerrima
1000 579 1139 655 ingeritur

143 670 230 736 terra,
246 661 337 721 sedin
349 662 452 738 gracili
465 663 529 722 solo
541 661 647 722 frustra
659 663 713 721 nisi
725 662 868 722 substrata
881 663 1041 740 pinguiore.
1057 678 1137 738 gem·
1154 687 1166 725 c

142 762 210 804 roos
233 763 295 806 nort
314 746 482 822 pauciores
511 764 593 824 quam
623 746 693 805 duas
719 747 808 823 integi
835 754 951 823 oportet
977 754 1006 803 et
1031 761 1137 818 proxu-

142 846 215 888 mam
240 830 340 905 attingi
357 838 478 905 terram,
496 829 599 889 eodem
612 829 720 907 paxillo
739 828 861 907 deprimi
876 838 904 888 et
922 828 1051 906 spissari.
1097 829 1138 884 in·

141 921 256 971 teresse
284 914 312 970 in
335 912 476 989 plantario
503 912 696 990 sesquipedes
719 912 794 971 inter
815 912 881 972 bina
904 911 1013 971 semina
1030 912 1057 969 in
1075 910 1137 969 lati·
1204 925 1210 932 ·

141 995 276 1070 tudinem,
294 996 321 1053 in
334 995 538 1071 longitudinem
551 997 699 1054 semisses.
722 997 760 1054 ita
772 1004 852 1055 satos
867 995 1021 1056 malleolos
1034 1003 1137 1073 quarto

142 1087 172 1136 et
183 1079 323 1136 vicesimo
340 1095 441 1136 mense
460 1078 594 1138 recidere
611 1079 646 1138 ad
662 1079 746 1137 imum
761 1078 921 1154 articulum,
939 1078 993 1136 nisi
1006 1077 1060 1154 ipsi
1072 1094 1137 1154 par·
1150 1098 1174 1138 ro

142 1169 232 1219 catur.
258 1160 407 1219 oculorum
427 1161 494 1221 inde
506 1162 625 1221 materia
638 1162 750 1237 emicat,
764 1178 827 1220 curn
840 1179 896 1239 qua
908 1169 991 1220 sexto
1004 1177 1038 1219 ac
1050 1160 1136 1218 trice·

100 1251 150 1304 161
163 1244 235 1301 simo
248 1261 349 1302 mense
363 1244 513 1304 viveradix
524 1245 705 1304 transfertur.
738 1245 778 1323 [5]
792 1243 844 1304 Est
857 1253 886 1304 et
900 1245 1047 1303 luxuriosa
1063 1245 1136 1302 ratio

141 1327 206 1385 vitis
222 1327 339 1386 serendi
351 1337 380 1385 ut
394 1338 527 1405 quattuor
537 1328 665 1389 malleoli
679 1327 843 1387 vehementi
858 1326 973 1387 viuculo
987 1327 1136 1402 conligen-

140 1419 186 1468 tnr
204 1411 232 1469 iu
251 1419 334 1488 parte
352 1410 499 1471 luxuriosa
512 1421 598 1490 atque
611 1413 650 1472 ita
662 1412 710 1471 vel
723 1429 776 1490 per
788 1429 855 1471 ossa
868 1409 966 1471 bubuli
980 1411 1071 1469 cruris
1088 1409 1137 1468 vel

141 1511 195 1571 per
217 1494 294 1553 colla
320 1494 417 1554 fictilia
435 1497 548 1555 traiecti
572 1495 728 1555 obruantur
747 1494 821 1554 binis
845 1493 1034 1554 eminentibus
1056 1510 1173 1568 gem-15

140 1578 202 1634 mis.
227 1586 377 1637 umescunt
388 1578 445 1637 lroc
455 1578 540 1637 modo
556 1580 703 1657 recisique
715 1579 860 1656 palmitem
872 1578 1009 1637 emittunt.
1032 1584 1137 1654 postea

141 1660 235 1719 fistula
256 1662 348 1722 fracta
371 1662 453 1721 radix
475 1661 567 1720 libere
594 1664 671 1739 capit
694 1663 763 1720 viris
787 1678 900 1739 uvaque
931 1661 988 1720 fert
1014 1660 1136 1718 omnium

99 1752 149 1806 162
163 1760 319 1821 corporum
336 1761 452 1803 suorum
470 1746 579 1803 acinos.
612 1744 645 1803 ln
668 1744 724 1803 alio
748 1762 859 1820 genere
881 1745 997 1803 inventu
1020 1744 1136 1802 novicio

140 1826 254 1895 finditur
271 1827 441 1903 malleolus,
464 1827 647 1904 medullaque
671 1845 754 1886 erasa
773 1829 802 1886 in
825 1845 858 1886 se
878 1826 1059 1902 conliguntur
1080 1827 1136 1904 ipsi

142 1909 240 1968 caules
258 1910 296 1967 ita
315 1919 345 1968 ut
360 1911 481 1985 gemmis
502 1919 638 1987 parcatur
656 1910 731 1968 omni
747 1910 843 1969 modo.
868 1919 926 1969 tum
942 1908 1093 1970 malleolus
1109 1909 1173 1970 inco

140 2000 218 2050 terra
236 1991 301 2063 ituro
318 1992 405 2051 mixta
422 1993 543 2068 seritur,
557 2002 585 2052 et
598 2010 660 2052 cum
673 2010 813 2071 spargere
827 1993 917 2053 caulis
929 1995 1038 2071 coepit,
1059 1991 1136 2051 deci·

142 2073 216 2132 ditur
232 2073 397 2153 foditurque
416 2077 541 2154 saepius.
578 2076 643 2137 talia
666 2093 741 2135 uvae
762 2078 862 2136 acinos
881 2076 951 2136 nihil
974 2077 1048 2135 lutus
1066 2075 1136 2151 ligni

140 2155 289 2218 habituros
308 2157 470 2219 Columella
491 2161 646 2237 promittit,
668 2177 731 2218 cum
753 2162 853 2219 vivere
865 2160 973 2219 semina
992 2161 1134 2236 ipseper-

98 2249 149 2304 163
162 2259 245 2319 quam
263 2244 362 2302 mirum
379 2245 415 2302 sit
429 2243 554 2303 medulla
566 2243 709 2322 adempta.
732 2242 820 2302 Nasci
834 2242 967 2302 surculos
980 2243 1064 2302 etiam
1075 2242 1134 2319 qui-

139 2324 192 2384 bus
204 2343 262 2385 non
277 2328 314 2385 sit
330 2327 491 2386 articulatio
510 2326 633 2401 arboris,
649 2343 706 2386 non
718 2327 902 2386 omittendum
913 2325 1033 2385 videtur.
1058 2342 1133 2384 nam·
1145 2343 1172 2383 2⁵

141 2427 196 2486 que
214 2410 282 2470 buxi
294 2411 467 2469 tenuissimis
488 2411 580 2487 quiuis
598 2411 714 2469 senisve
733 2409 885 2486 conligatis
904 2409 1019 2487 depacti
1029 2425 1134 2486 prove·

138 2494 226 2551 niuut.
261 2494 403 2570 quondam
427 2495 455 2552 in
479 2493 682 2552 observatione
706 2501 767 2552 erat
794 2500 824 2550 nt
846 2492 1076 2569 defringerentur
1098 2509 1136 2550 ex

138 2577 265 2651 inputata
286 2575 381 2651 buxo,
400 2576 485 2636 aliter
505 2577 606 2634 vivere
625 2593 682 2635 non
700 2574 810 2634 crediti.
835 2575 991 2636 detraxere
1009 2575 1067 2634 hoc
1085 2592 1134 2633 ex-

97 2665 149 2719 164
161 2659 328 2733 perimente.
375 2659 415 2737 [6]
444 2659 585 2719 Seminari
609 2677 704 2718 curam
729 2658 860 2736 seqnitur
881 2660 1028 2718 vinearum
1049 2657 1133 2717 ratio.

139 2741 264 2817 quinque
276 2759 414 2818 generum
426 2740 497 2801 hae:
513 2743 622 2821 sparsis
635 2760 688 2820 per
699 2751 804 2801 terram
817 2741 996 2819 palmitibus,
1016 2750 1063 2801 aut
1081 2757 1135 2816 per
1145 2762 1171 2802 no

139 2841 172 2881 se
191 2825 248 2883 vite
268 2824 419 2900 subrecta,
438 2825 487 2884 vel
506 2843 569 2884 cnm
586 2824 758 2884 adminiculo
776 2825 838 2884 sine
856 2825 934 2901 iugo,
953 2832 1000 2884 aut
1012 2823 1135 2902 pedatae

96 2914 146 2968 165
157 2908 281 2985 simplici
303 2909 387 2984 iugo,
409 2916 457 2967 aut
478 2908 679 2985 conpluviatae
702 2907 883 2985 quadriplici.
915 2908 996 2981 Quae
1010 2907 1135 2985 pedatae

138 2991 228 3065 ratio,
260 2990 361 3050 eadem
384 2991 573 3067 intellegetur
595 2992 656 3050 eius
679 3007 794 3069 quoque
810 2992 838 3050 in
862 3009 917 3069 qua
935 2993 997 3050 sine
1018 2989 1135 3050 admini-

141 3072 206 3130 culo
235 3074 300 3132 vitis
329 3091 382 3150 per
410 3093 444 3133 se
474 3073 569 3134 stabit.
615 3074 644 3134 id
666 3075 740 3133 enim
762 3091 819 3133 non
840 3073 872 3133 iit
893 3076 946 3133 nisi
972 3074 1135 3152 pedamenti

137 3155 244 3231 inopia.
286 3157 410 3234 simplici
432 3159 500 3233 iugo
525 3165 638 3219 constat
660 3166 797 3236 porrecto
827 3156 927 3218 ordine
959 3175 1044 3236 quem
1067 3173 1172 3222 can-35

138 3239 239 3297 terium
263 3239 419 3317 appellant.
462 3241 567 3301 melior
588 3259 623 3301 ea
644 3243 728 3318 vino,
760 3242 892 3319 quoniam
915 3241 968 3301 silvi
997 3242 1059 3317 ipsa
1076 3257 1135 3298 non

138 3321 288 3387 obumbrat
307 3323 485 3402 adsiduoque
498 3325 562 3384 sole
584 3327 716 3404 coquitur
735 3332 763 3384 et
780 3324 912 3384 addetum
928 3325 1020 3400 magis
1036 3323 1133 3398 sentit,

138 3405 264 3466 celerius
274 3424 370 3467 rorem
379 3407 502 3484 dimittit,
511 3409 716 3487 pampinationi
728 3423 844 3486 quoqne
854 3417 883 3466 et
892 3408 1035 3467 occationi
1044 3407 1135 3468 ouini·
