2422 3840
140 203 179 251 IV
539 201 736 250 PRAEFATIO

141 377 203 416 uem
217 360 383 429 habeamus,
399 359 527 431 inprimis
541 360 570 414 in
587 359 734 415 herbarum
750 360 923 430 nominibus,
940 362 968 416 in
985 362 1083 432 quibus
1096 363 1144 418 hic

140 443 229 514 magis
246 460 324 513 quam
341 443 455 499 codices
470 442 587 499 Pliniani
610 442 725 498 inclinat
739 443 774 499 ad
791 441 896 498 Graeca
917 446 1070 514 elementa,
1093 448 1144 501 sed

141 543 220 597 quum
238 528 313 596 quod
330 543 410 581 unum
432 532 524 582 exstat
544 526 604 581 eius
625 526 768 597 exemplar
783 526 996 582 mendosissime
1013 528 1050 582 sit
1071 531 1143 584 scri-

139 614 231 681 ptum,
257 615 385 664 accurate
401 615 445 664 est
461 609 687 678 examinandum,
709 609 776 679 quid
793 614 839 665 aut
856 610 987 680 analogia
1003 625 1143 666 commen-

140 692 220 746 detur
237 699 283 747 aut
300 693 478 762 etymologia.

203 774 278 829 llaec
301 791 370 831 vero
392 777 501 831 nomina
526 775 668 831 scribendi
693 774 765 830 ratio
790 775 842 830 bos
868 774 957 831 libros
985 776 1143 832 emendanti

139 859 283 914 maximam
303 859 385 914 allent
406 859 612 927 difficultatem,
644 875 697 930 qua
722 858 830 929 quidem
851 857 879 912 in
900 875 933 914 re
952 861 1035 931 paulo
1060 861 1143 916 aliam

74 938 80 949 '
139 943 211 998 viam
229 943 374 1011 ingressus
397 959 457 997 sum
473 947 555 1013 atque
579 942 606 995 iu
628 941 784 998 nominibus
800 944 999 1013 geographicis
1015 943 1076 1014 plus
1093 960 1142 1000 au-

139 1024 277 1080 ctoritatis
301 1025 449 1080 tribuendo
466 1024 581 1080 Graecis
604 1024 807 1096 scriptoribus,
834 1041 995 1096 quamquam
1010 1029 1142 1097 -quod

140 1108 242 1162 dietum
262 1108 299 1163 sit
318 1108 391 1163 bona
413 1124 483 1179 paee
504 1108 631 1162 censoris
646 1106 815 1163 Viennensis
823 1103 851 1182 *)
867 1137 906 1147 —
927 1110 956 1164 iu
969 1110 1013 1166 his
1032 1125 1141 1181 quoque

139 1191 244 1246 Plinius
260 1191 408 1261 aliquando
425 1191 551 1246 contudit
565 1191 673 1248 litteras
691 1190 826 1260 Graecas,
848 1198 878 1246 ut
894 1189 919 1246 0
935 1199 962 1247 et
977 1188 1002 1246 Θ
1017 1188 1090 1265 (vid.
1106 1194 1142 1248 ad

138 1292 164 1346 p.
182 1279 242 1331 241.
257 1274 276 1328 l.
289 1269 338 1347 32)
355 1274 504 1330 scribendo
527 1273 708 1346 tbripunum,
730 1279 757 1329 et
768 1271 796 1326 E
810 1279 838 1328 et
853 1273 884 1328 Σ
896 1271 968 1348 (vid.
984 1276 1019 1332 ad
1035 1292 1061 1347 p.
1079 1280 1139 1333 244.

139 1357 157 1411 l.
172 1353 221 1430 28)
238 1373 273 1411 ex
289 1357 429 1413 adiectivo
441 1342 556 1428 ὀρεινὰς
571 1357 699 1413 iaciendo
714 1372 814 1411 nomen
831 1360 975 1414 ursinum.

203 1440 269 1495 Cum
285 1440 348 1496 aliis
366 1441 394 1495 in
410 1442 494 1496 rebus
510 1447 566 1496 tum
580 1442 609 1495 in
623 1440 667 1496 his
684 1440 840 1495 nominibus
857 1442 931 1512 quod
946 1459 978 1498 ea
994 1458 1065 1512 quae
1085 1441 1142 1496 Sil-

138 1523 235 1594 ligium
257 1524 317 1578 iere
340 1530 452 1578 secutus
474 1524 576 1596 scripsi
601 1524 628 1578 in
657 1523 796 1579 indicibus
817 1524 883 1579 libri
903 1524 924 1578 l.
949 1539 1003 1579 non
1029 1525 1141 1580 omnino

138 1612 294 1676 congruant
314 1617 375 1660 cum
397 1606 432 1661 iis
458 1624 528 1678 quae
550 1607 578 1661 in
599 1610 653 1663 hoc
669 1605 808 1662 volumine
832 1603 922 1676 edidi,
944 1609 1072 1678 equidem
1099 1608 1141 1663 fa-

137 1695 200 1744 teor
216 1706 258 1742 me
282 1690 389 1743 dolere.
413 1706 487 1755 nam,
513 1690 581 1745 licet
608 1706 708 1745 verear
729 1706 764 1743 ne
785 1688 903 1743 Monens
928 1691 1019 1745 denuo
1044 1691 1072 1745 in
1097 1707 1141 1746 me

137 1773 262 1842 requirat
284 1788 397 1826 acumen
425 1773 531 1843 ingenii
560 1789 614 1843 quo
643 1788 713 1843 opus
739 1772 776 1826 sit
801 1778 887 1826 artem
909 1772 1034 1826 criticam
1057 1789 1142 1829 exer-

138 1848 286 1925 centi**)‚
317 1861 462 1925 antequam
480 1857 540 1911 eius
559 1859 718 1926 argumenta
738 1869 916 1924 cognovero,
943 1853 1008 1909 illos
1031 1855 1141 1911 indices

137 1953 193 1992 non
216 1938 434 1993 abiudicaverim
454 1939 544 1995 Plinio
570 1939 616 2009 qui
637 1938 666 1992 in
684 1937 736 1992 tine
758 1937 894 2008 epistolae
920 1939 1140 2010 nuncupatoriae

137 2020 281 2091 pollicitus
298 2026 388 2076 estse
407 2021 433 2076 ei
449 2039 513 2077 esse
528 2021 735 2076 subiuncturum
756 2019 822 2091 quid
840 2020 958 2090 singulis
974 2021 1055 2076 libris
1071 2037 1140 2076 con-

138 2102 282 2157 tineretur.
317 2103 373 2158 Sed
390 2121 460 2175 quae
482 2105 657 2176 discrepant,
678 2121 727 2173 ea,
744 2120 825 2174 quum
843 2119 983 2176 perpauca
1002 2104 1142 2160 excedant

138 2187 370 2256 othographium,
394 2188 510 2244 minoris
522 2188 651 2243 momenti
670 2193 734 2243 sunt
751 2204 831 2257 quam
847 2203 918 2258 quae
930 2187 976 2242 hie
991 2194 1137 2259 ponantur.

202 2268 352 2324 (lodicibus
365 2270 486 2342 denique
503 2271 708 2342 manuscriptis
721 2271 886 2340 ubicumque
897 2269 975 2341 potui
987 2270 1139 2325 obsecutus

137 2368 191 2407 non
210 2352 333 2407 dubitavi
350 2368 446 2409 corum
465 2370 601 2409 consensu
617 2359 786 2424 provocatus
805 2352 934 2423 recipere
955 2368 1026 2422 quae
1042 2371 1057 2408 a
1077 2354 1140 2407 vul-

137 2441 202 2504 gato
218 2451 269 2488 usu
286 2435 483 2506 abhorrerent,
504 2443 534 2490 ut
552 2432 602 2509 (18
619 2431 673 2506 §§
687 2440 728 2493 16.
746 2441 774 2489 et
790 2430 866 2507 162.)
890 2449 984 2489 cerum
1003 2436 1139 2506 secundo,

137 2523 165 2572 et
179 2523 214 2573 22
230 2514 251 2588 ὃ
265 2523 304 2574 18.
321 2532 384 2573 cero
406 2519 496 2591 primo
517 2521 581 2575 loco
597 2517 728 2590 positum.
770 2518 950 2573 coniecturas
967 2534 1020 2573 non
1039 2519 1139 2574 admisi

136 2600 190 2655 nisi
204 2605 250 2654 aut
263 2599 376 2656 codices
390 2603 547 2658 indicarent
559 2608 688 2672 corrupta
705 2617 768 2656 esse
781 2617 850 2672 quae
864 2601 892 2655 in
907 2601 1030 2671 vulgatis
1043 2618 1138 2656 exem-

135 2683 261 2754 plaribus
279 2683 459 2755 legerentur,
481 2684 536 2756 ipsi
549 2699 617 2740 vero
637 2700 692 2739 non
708 2689 812 2739 certum
827 2684 996 2756 praeberent
1015 2684 1139 2740 medioa-

136 2771 269 2834 mentum,
288 2771 335 2821 aut
355 2784 453 2824 sensus
475 2768 615 2838 flagitaret
634 2773 664 2821 ut
686 2783 756 2837 quae
780 2768 942 2837 legerentur
961 2767 989 2822 in
1011 2768 1137 2838 uirisque

135 2853 322 2919 mutarentur,
356 2852 406 2907 sed
432 2852 559 2922 equidem
582 2856 658 2904 certe
681 2850 802 2906 arbitror
825 2867 905 2921 quam
930 2850 1068 2906 artissime
1093 2867 1137 2905 me

134 2931 276 3001 pressisse
296 2933 422 2989 codicum
440 2934 571 3005 vestigia.
617 2933 691 3003 quod
708 2939 797 2988 utrum
816 2933 931 2988 fecerim
948 2950 997 3002 an,
1015 2933 1045 2988 id
1062 2935 1137 3003 quod

135 3013 201 3068 mihi
220 3017 417 3087 exprobratum
435 3024 493 3087 est,
514 3033 569 3073 non
589 3016 643 3071 nisi
659 3017 782 3072 secundo
800 3016 864 3071 loco
885 3032 934 3072 eos
952 3016 1137 3087 adhibuerim,

134 3096 259 3152 iudicent
280 3099 337 3154 alii.

199 3180 360 3236 Scribebam
375 3183 536 3241 Suevoiurti
548 3183 621 3256 prid.
638 3183 676 3239 id.
690 3183 797 3240 lanuar.
811 3181 1009 3238 nuccctvll.

203 3344 233 3410 *)
248 3347 285 3396 ef.
299 3347 461 3398 Kathotische
475 3347 701 3412 Literaturzeitung
714 3345 789 3397 1856.
805 3345 835 3394 N.
850 3346 893 3398 27.
907 3360 934 3411 p.
949 3345 1007 3398 208.

182 3413 230 3480 **)
245 3416 283 3467 Gi.
295 3417 472 3483 Heidelberger
485 3416 642 3468 Jahrbocher
654 3416 680 3466 d.
693 3416 769 3466 Liter,
787 3415 861 3466 1856.
880 3414 960 3467 Noa.
976 3430 1003 3480 p.
1015 3414 1074 3467 661).

532 3542 738 3551 -ι--ι-η
